3398 5468
753 580 947 668 -36-

233 779 338 859 poeta
353 763 465 836 fuisse
485 778 641 835 amatam
659 787 735 834 non
751 764 916 859 ignorare
935 779 1067 859 posset.
1090 760 1321 834 Credendum
1352 764 1463 859 igitur

233 887 432 981 Lycinnam
455 887 526 957 iam
550 909 593 957 eo
609 901 773 981 tempore
789 884 959 978 Cynthiae
977 908 1115 957 servam
1130 884 1253 969 fuisse,
1267 909 1342 980 quo
1358 886 1463 982 quin-

232 1010 438 1105 quennium
468 1010 650 1104 inceperit.
685 1007 745 1090 At,
776 1006 870 1080 dicet
906 1007 1050 1104 aliquis
1082 1031 1145 1080 cur
1164 1032 1243 1079 eam
1271 1008 1464 1080 retinuit?

231 1132 365 1204 Forsan
388 1155 432 1203 ne
451 1117 601 1203 maritus
619 1155 680 1227 per
694 1155 833 1203 servam
860 1132 1027 1205 reiectam
1049 1130 1092 1202 de
1119 1130 1176 1202 his
1196 1132 1325 1202 certior
1347 1131 1459 1216 fieret,

231 1278 313 1349 quae
333 1255 370 1326 in
402 1279 467 1326 sua
500 1253 614 1327 domo
642 1270 842 1351 agerentur.
865 1254 1014 1327 Curavit
1035 1269 1156 1326 tamen
1180 1278 1224 1325 ne
1251 1254 1461 1327 vexationes

232 1375 416 1472 quendam
448 1376 603 1449 modum
637 1375 857 1449 excederent.
891 1376 1062 1449 Ceterum
1113 1401 1157 1448 eo
1194 1391 1368 1472 tempore,
1404 1378 1462 1449 cui

233 1498 387 1596 elegiam
407 1500 465 1584 Ill,
490 1517 527 1594 15
546 1497 794 1584 adscribimus,
813 1500 963 1572 maritus
976 1499 1127 1571 forsitan
1142 1514 1215 1570 erat
1236 1514 1414 1605 mortuus.

282 1641 348 1712 His
368 1642 509 1736 positis,
531 1664 606 1712 rem
627 1641 794 1744 sequenti
822 1638 935 1712 modo
957 1640 994 1711 in
1021 1640 1146 1711 animo
1168 1655 1294 1712 nostro
1315 1664 1463 1737 compo-

234 1766 369 1837 nimus.
390 1764 562 1857 Lycinna,
586 1763 709 1835 nescio
727 1776 790 1835 cur
809 1784 927 1859 neque
942 1761 1101 1859 quando,
1117 1761 1337 1835 amatorium
1367 1787 1464 1834 com-

234 1888 410 1959 mercium
445 1910 528 1958 cum
561 1887 748 1982 Propertio
778 1886 951 1958 iunxerat.
997 1886 1169 1959 Amicum
1202 1910 1313 1958 suum
1341 1910 1462 1958 coram

232 2010 394 2095 domina,
418 2007 587 2081 muliebri
604 2033 716 2093 more,
740 2007 908 2081 laudibus
941 2007 1145 2081 extollebat.
1177 2010 1271 2082 Nam
1301 2009 1462 2102 lycinna

232 2133 463 2228 Propertium
480 2156 561 2204 vere
581 2131 758 2203 amavisse
784 2131 927 2203 videtur
950 2131 1046 2226 (ide
1073 2131 1226 2204 vocibus
1245 2131 1347 2204 nullis
1372 2130 1462 2203 datis

231 2257 291 2344 ΙΠ,
312 2273 365 2351 15,
382 2257 413 2339 ό,
428 2270 464 2326 et
479 2280 498 2326 e
514 2253 684 2349 Cynthiae
699 2256 889 2350 posteriori
906 2253 1043 2326 invidia
1065 2254 1304 2351 colligimus).
1317 2255 1464 2326 Dictita·

233 2377 293 2450 bat
314 2400 399 2450 eum
416 2373 733 2450 adulescentulum
750 2398 838 2462 esse,
853 2375 977 2449 ardore
991 2376 1261 2450 inflammatum
1275 2376 1346 2471 (sic
1361 2376 1461 2448 enim
1537 2446 1539 2450 ,

234 2524 344 2573 suum
361 2516 558 2572 amatorem
575 2498 642 2572 sibi
657 2496 857 2596 pingebat),
873 2500 1039 2572 formoso
1059 2524 1119 2572 ore
1134 2497 1339 2596 praeditum.
1366 2499 1460 2570 Nam

235 2648 284 2708 ea,
311 2646 392 2718 quae
420 2621 464 2694 de
494 2638 610 2719 poetae
642 2619 812 2717 adspectu
842 2623 1050 2719 Postgatius
1071 2623 1226 2717 (Introd.
1249 2646 1281 2719 p.
1308 2622 1463 2716 XXXV)

234 2745 330 2830 dicit,
349 2769 434 2819 eum
447 2743 624 2841 pallidum
642 2760 676 2816 et
690 2743 819 2816 exilem
831 2746 943 2817 luisse
959 2744 1152 2831 declarans,
1170 2758 1257 2817 sunt
1272 2742 1460 2828 reicienda,

233 2885 268 2941 et
281 2892 415 2954 versus,
435 2865 529 2964 quos
542 2868 644 2940 affert
658 2867 702 2941 de
716 2866 852 2964 pallore
875 2883 910 2939 et
929 2867 1169 2972 exilitate'(err.
1187 2869 1262 2964 gl,
1281 2885 1310 2962 5,
1328 2888 1432 2940 21-22
1452 2891 1460 2952 ;

209 3064 210 3067 ,
232 2991 272 3075 ΙΙ,
297 3013 352 3075 22,
370 2991 437 3085 21)
449 2989 493 3062 de
509 3005 616 3086 poeta
636 3012 785 3061 maerore
808 2989 976 3062 confecto
992 2988 1048 3061 vel
1068 2990 1105 3060 in
1125 3012 1267 3061 amores
1294 3009 1463 3060 numero·

235 3114 347 3205 siores
390 3110 538 3208 delapso
573 3127 660 3184 sunt
691 3110 940 3208 intellegendi.
973 3112 1126 3207 Insuper
1173 3126 1227 3182 est
1276 3109 1462 3206 probabile

231 3250 387 3331 poetam,
405 3235 477 3306 iam
498 3249 581 3306 ante
602 3257 712 3330 quam
734 3233 934 3329 Cynthiam
959 3233 1100 3317 diceret,
1124 3255 1207 3315 suas
1232 3234 1269 3304 in
1297 3233 1461 3305 carmini-

232 3356 301 3430 bus
334 3359 426 3430 vires
466 3358 662 3429 tentavisse
706 3358 771 3452 (ll,
809 3377 849 3446 31
881 3381 979 3429 anno
1016 3358 1156 3449 726f28
1196 3355 1459 3452 adscribenda).

235 3480 332 3561 Quis
352 3480 503 3551 miretur
529 3477 593 3551 has
616 3493 733 3550 tantas
755 3479 869 3563 dotes
897 3502 917 3551 a
940 3499 1040 3550 serva
1064 3477 1225 3550 dominae
1253 3492 1460 3565 recantatas

235 3600 433 3697 Cynthiam
460 3600 661 3699 impulisse,
689 3618 730 3674 ut
755 3619 899 3698 poetam
930 3600 1258 3686 adulescentulum,
1293 3601 1460 3674 futurum

234 3740 433 3797 amatorem
460 3740 496 3796 et
523 3717 758 3809 laudatorem,
792 3747 944 3796 suorum
975 3724 1177 3796 amicorum
1214 3724 1313 3820 gregi
1338 3722 1462 3797 adiun-

234 3862 341 3945 geret,
360 3863 395 3919 et
415 3869 501 3919 eum
522 3847 743 3943 aliquotiens
758 3849 879 3919 visum
900 3863 1101 3944 occuparet,
1121 3862 1156 3919 et
1175 3867 1278 3918 suam
1305 3844 1460 3919 domum

234 3971 461 4066 frequentare
482 3968 620 4041 iuberet
640 3970 655 4038 ?
1495 3967 1498 3972 ’

284 4111 380 4192 Quae
391 4109 499 4183 fuerit
513 4135 553 4182 ea
566 4109 735 4204 Cynthiae
750 4107 884 4182 domus
899 4109 1079 4182 delineare
1099 4109 1244 4182 difficile
1256 4126 1321 4182 est.
1334 4109 1460 4191 Quem

232 4236 331 4306 inea
357 4234 471 4306 domo
488 4233 611 4305 locum
632 4235 782 4305 maritus
814 4234 934 4305 tenuit
960 4236 974 4304 ἓ
1002 4232 1238 4330 HerzberguS,
1270 4233 1333 4329 qui
1368 4231 1463 4327 Cyn·

233 4355 349 4428 thiam
370 4357 593 4428 meretricem
623 4355 734 4454 fuisse
766 4370 878 4452 putat,
919 4357 968 4427 sic
997 4353 1046 4427 de
1074 4355 1214 4442 marito,
1243 4356 1272 4427 si
1302 4354 1459 4438 vixisset,

237 4500 269 4577 p.
289 4499 328 4573 35
353 4478 544 4577 loquitur:
576 4505 593 4545 ι(
618 4480 755 4551 Nonne
769 4477 851 4576 plus
867 4500 977 4575 quam
994 4478 1139 4551 mulum
1165 4479 1337 4550 maritum
1365 4477 1461 4549 futu-
