<?xml version="1.0" encoding="UTF-8"?>
<!DOCTYPE html PUBLIC "-//W3C//DTD XHTML 1.0 Transitional//EN"
    "http://www.w3.org/TR/xhtml1/DTD/xhtml1-transitional.dtd">
<html xmlns="http://www.w3.org/1999/xhtml" xml:lang="en" lang="en">
 <head>
  <title>
</title>
<meta http-equiv="Content-Type" content="text/html;charset=utf-8" />
  <meta name='ocr-system' content='tesseract 3.04.00' />
  <meta name='ocr-capabilities' content='ocr_page ocr_carea ocr_par ocr_line ocrx_word'/>
</head>
<body>
  <div class='ocr_page' id='page_1' title='image "./desexpropertiia00bonagoog_0051.png"; bbox 0 0 3398 5468; ppageno 0'>
   <div class='ocr_carea' id='block_1_1' title="bbox 751 570 946 659">
    <p class='ocr_par' dir='ltr' id='par_1_1' title="bbox 751 570 946 659">
     <span class='ocr_line' id='line_1_1' title="bbox 751 570 946 659; baseline -0.005 -38"><span class='ocrx_word' id='word_1_1' title='bbox 751 570 946 659; x_wconf 61' lang='lat'>„38-</span> 
     </span>
    </p>
   </div>
   <div class='ocr_carea' id='block_1_2' title="bbox 142 754 1518 2692">
    <p class='ocr_par' dir='ltr' id='par_1_2' title="bbox 142 754 1518 2692">
     <span class='ocr_line' id='line_1_2' title="bbox 232 754 1460 854; baseline 0.002 -25"><span class='ocrx_word' id='word_1_2' title='bbox 232 773 349 854; x_wconf 87' lang='lat' dir='ltr'>poetae</span> <span class='ocrx_word' id='word_1_3' title='bbox 374 757 411 826; x_wconf 93' lang='lat' dir='ltr'>in</span> <span class='ocrx_word' id='word_1_4' title='bbox 441 755 566 827; x_wconf 83' lang='lat' dir='ltr'>Asiam</span> <span class='ocrx_word' id='word_1_5' title='bbox 590 779 673 830; x_wconf 91' lang='lat' dir='ltr'>cum</span> <span class='ocrx_word' id='word_1_6' title='bbox 699 754 811 827; x_wconf 94' lang='lat' dir='ltr'>Tullo</span> <span class='ocrx_word' id='word_1_7' title='bbox 834 755 1038 850; x_wconf 92' lang='lat' dir='ltr'>profecturo</span> <span class='ocrx_word' id='word_1_8' title='bbox 1059 755 1207 851; x_wconf 90' lang='lat' dir='ltr'>obstat).</span> <span class='ocrx_word' id='word_1_9' title='bbox 1239 756 1306 829; x_wconf 90' lang='lat' dir='ltr'>Sed</span> <span class='ocrx_word' id='word_1_10' title='bbox 1334 775 1460 833; x_wconf 90' lang='lat' dir='ltr'>natura</span> 
     </span>
     <span class='ocr_line' id='line_1_3' title="bbox 232 876 1461 976; baseline 0.004 -26"><span class='ocrx_word' id='word_1_11' title='bbox 232 879 321 951; x_wconf 84' lang='lat' dir='ltr'>levis</span> <span class='ocrx_word' id='word_1_12' title='bbox 359 877 457 950; x_wconf 90' lang='lat' dir='ltr'>brevi</span> <span class='ocrx_word' id='word_1_13' title='bbox 485 877 642 949; x_wconf 85' lang='lat' dir='ltr'>recurrit.</span> <span class='ocrx_word' id='word_1_14' title='bbox 677 877 779 951; x_wconf 87' lang='lat' dir='ltr'><strong>Brevi</strong></span> <span class='ocrx_word' id='word_1_15' title='bbox 818 892 924 974; x_wconf 90' lang='lat' dir='ltr'>poeta</span> <span class='ocrx_word' id='word_1_16' title='bbox 962 876 1140 951; x_wconf 82' lang='lat' dir='ltr'>intellexit</span> <span class='ocrx_word' id='word_1_17' title='bbox 1173 879 1332 976; x_wconf 85' lang='lat' dir='ltr'>puellam</span> <span class='ocrx_word' id='word_1_18' title='bbox 1385 881 1461 956; x_wconf 65' lang='lat' dir='ltr'>tanss</span> 
     </span>
     <span class='ocr_line' id='line_1_4' title="bbox 232 997 1460 1099; baseline 0.002 -25"><span class='ocrx_word' id='word_1_19' title='bbox 232 1019 314 1074; x_wconf 92' lang='lat' dir='ltr'>tum</span> <span class='ocrx_word' id='word_1_20' title='bbox 362 1000 509 1073; x_wconf 84' lang='lat' dir='ltr'>vestitui</span> <span class='ocrx_word' id='word_1_21' title='bbox 567 997 822 1096; x_wconf 85' lang='lat' dir='ltr'><strong>indulgentem</strong></span> <span class='ocrx_word' id='word_1_22' title='bbox 870 999 984 1096; x_wconf 81' lang='lat' dir='ltr'>vulgo</span> <span class='ocrx_word' id='word_1_23' title='bbox 1033 1018 1196 1076; x_wconf 90' lang='lat' dir='ltr'>amantes</span> <span class='ocrx_word' id='word_1_24' title='bbox 1247 1004 1460 1099; x_wconf 83' lang='lat' dir='ltr'>conquirere</span> 
     </span>
     <span class='ocr_line' id='line_1_5' title="bbox 231 1123 1458 1219; baseline 0.004 -24"><span class='ocrx_word' id='word_1_25' title='bbox 231 1125 276 1219; x_wconf 89' lang='lat' dir='ltr'>(I,</span> <span class='ocrx_word' id='word_1_26' title='bbox 306 1125 356 1219; x_wconf 87' lang='lat'>2),</span> <span class='ocrx_word' id='word_1_27' title='bbox 389 1147 507 1219; x_wconf 89' lang='lat' dir='ltr'>neque</span> <span class='ocrx_word' id='word_1_28' title='bbox 540 1124 617 1195; x_wconf 91' lang='lat' dir='ltr'>sine</span> <span class='ocrx_word' id='word_1_29' title='bbox 651 1146 756 1195; x_wconf 90' lang='lat' dir='ltr'>causa</span> <span class='ocrx_word' id='word_1_30' title='bbox 786 1123 940 1195; x_wconf 88' lang='lat' dir='ltr'>Bassum</span> <span class='ocrx_word' id='word_1_31' title='bbox 969 1129 1005 1198; x_wconf 80' lang='lat' dir='ltr'>et</span> <span class='ocrx_word' id='word_1_32' title='bbox 1037 1123 1186 1197; x_wconf 89' lang='lat' dir='ltr'>Gallum</span> <span class='ocrx_word' id='word_1_33' title='bbox 1230 1127 1297 1197; x_wconf 93' lang='lat' dir='ltr'>niti</span> <span class='ocrx_word' id='word_1_34' title='bbox 1341 1143 1381 1199; x_wconf 97' lang='lat' dir='ltr'>ut</span> <span class='ocrx_word' id='word_1_35' title='bbox 1415 1126 1458 1199; x_wconf 90' lang='lat' dir='ltr'>ab</span> 
     </span>
     <span class='ocr_line' id='line_1_6' title="bbox 142 1235 1518 1344; baseline 0.003 -26"><span class='ocrx_word' id='word_1_36' title='bbox 142 1246 143 1250; x_wconf 65' lang='grc'>’</span> <span class='ocrx_word' id='word_1_37' title='bbox 233 1246 485 1331; x_wconf 81' lang='lat' dir='ltr'>earecederet,</span> <span class='ocrx_word' id='word_1_38' title='bbox 514 1244 698 1318; x_wconf 58' lang='lat' dir='ltr'>loco‘suis</span> <span class='ocrx_word' id='word_1_39' title='bbox 725 1235 911 1318; x_wconf 85' lang='lat' dir='ltr'>amoribus</span> <span class='ocrx_word' id='word_1_40' title='bbox 934 1246 1059 1329; x_wconf 83' lang='lat' dir='ltr'>relicto</span> <span class='ocrx_word' id='word_1_41' title='bbox 1087 1248 1130 1342; x_wconf 96' lang='grc' dir='ltr'>(Ι,</span> <span class='ocrx_word' id='word_1_42' title='bbox 1168 1270 1190 1338; x_wconf 85' lang='grc'>4</span> <span class='ocrx_word' id='word_1_43' title='bbox 1223 1265 1258 1321; x_wconf 93' lang='lat' dir='ltr'>et</span> <span class='ocrx_word' id='word_1_44' title='bbox 1287 1251 1336 1344; x_wconf 80' lang='lat'>5).</span> <span class='ocrx_word' id='word_1_45' title='bbox 1358 1249 1460 1323; x_wconf 91' lang='lat' dir='ltr'>Vidit</span> <span class='ocrx_word' id='word_1_46' title='bbox 1517 1289 1518 1292; x_wconf 35' lang='lat'>¹</span> 
     </span>
     <span class='ocr_line' id='line_1_7' title="bbox 233 1367 1459 1465; baseline 0.002 -23"><span class='ocrx_word' id='word_1_47' title='bbox 233 1394 312 1442; x_wconf 88' lang='lat' dir='ltr'>eam</span> <span class='ocrx_word' id='word_1_48' title='bbox 345 1385 544 1465; x_wconf 83' lang='lat' dir='ltr'>apraetore</span> <span class='ocrx_word' id='word_1_49' title='bbox 591 1367 751 1465; x_wconf 91' lang='lat' dir='ltr'>quodam</span> <span class='ocrx_word' id='word_1_50' title='bbox 795 1367 989 1455; x_wconf 88' lang='lat' dir='ltr'>sollicitari,</span> <span class='ocrx_word' id='word_1_51' title='bbox 1024 1386 1058 1442; x_wconf 93' lang='lat' dir='ltr'>et</span> <span class='ocrx_word' id='word_1_52' title='bbox 1086 1371 1125 1442; x_wconf 91' lang='lat' dir='ltr'>in</span> <span class='ocrx_word' id='word_1_53' title='bbox 1162 1395 1205 1443; x_wconf 88' lang='lat' dir='ltr'>eo</span> <span class='ocrx_word' id='word_1_54' title='bbox 1233 1395 1310 1445; x_wconf 88' lang='lat' dir='ltr'>esse</span> <span class='ocrx_word' id='word_1_55' title='bbox 1343 1389 1383 1444; x_wconf 90' lang='lat' dir='ltr'>ut</span> <span class='ocrx_word' id='word_1_56' title='bbox 1415 1371 1459 1445; x_wconf 90' lang='lat' dir='ltr'>ad</span> 
     </span>
     <span class='ocr_line' id='line_1_8' title="bbox 232 1470 1459 1591; baseline 0.003 -27"><span class='ocrx_word' id='word_1_57' title='bbox 232 1491 389 1589; x_wconf 84' lang='lat' dir='ltr'>gelidam</span> <span class='ocrx_word' id='word_1_58' title='bbox 436 1490 595 1585; x_wconf 89' lang='lat' dir='ltr'>Illyriam</span> <span class='ocrx_word' id='word_1_59' title='bbox 637 1492 921 1587; x_wconf 88' lang='lat' dir='ltr'>proficisceretur</span> <span class='ocrx_word' id='word_1_60' title='bbox 948 1492 993 1587; x_wconf 90' lang='grc' dir='ltr'>(Ι,</span> <span class='ocrx_word' id='word_1_61' title='bbox 1020 1493 1064 1582; x_wconf 88' lang='lat'>8).</span> <span class='ocrx_word' id='word_1_62' title='bbox 1101 1470 1206 1583; x_wconf 85' lang='lat' dir='ltr'>Certe</span> <span class='ocrx_word' id='word_1_63' title='bbox 1231 1494 1351 1591; x_wconf 87' lang='lat' dir='ltr'>puella</span> <span class='ocrx_word' id='word_1_64' title='bbox 1382 1519 1459 1568; x_wconf 92' lang='lat' dir='ltr'>non</span> 
     </span>
     <span class='ocr_line' id='line_1_9' title="bbox 232 1613 1461 1711; baseline 0.001 -22"><span class='ocrx_word' id='word_1_65' title='bbox 232 1632 286 1689; x_wconf 92' lang='lat' dir='ltr'>est</span> <span class='ocrx_word' id='word_1_66' title='bbox 318 1615 485 1711; x_wconf 85' lang='lat' dir='ltr'>profecta,</span> <span class='ocrx_word' id='word_1_67' title='bbox 518 1632 553 1686; x_wconf 88' lang='lat' dir='ltr'>et</span> <span class='ocrx_word' id='word_1_68' title='bbox 580 1629 686 1710; x_wconf 90' lang='lat' dir='ltr'>poeta</span> <span class='ocrx_word' id='word_1_69' title='bbox 714 1613 853 1687; x_wconf 87' lang='lat' dir='ltr'>credere</span> <span class='ocrx_word' id='word_1_70' title='bbox 892 1616 1012 1709; x_wconf 90' lang='lat' dir='ltr'>potuit</span> <span class='ocrx_word' id='word_1_71' title='bbox 1050 1640 1087 1688; x_wconf 92' lang='lat' dir='ltr'>se</span> <span class='ocrx_word' id='word_1_72' title='bbox 1119 1640 1197 1689; x_wconf 89' lang='lat' dir='ltr'>eam</span> <span class='ocrx_word' id='word_1_73' title='bbox 1229 1616 1352 1690; x_wconf 87' lang='lat' dir='ltr'>blandi</span> <span class='ocrx_word' id='word_1_74' title='bbox 1393 1642 1461 1690; x_wconf 92' lang='lat' dir='ltr'>car-</span> 
     </span>
     <span class='ocr_line' id='line_1_10' title="bbox 235 1736 1458 1834; baseline 0.002 -23"><span class='ocrx_word' id='word_1_75' title='bbox 235 1738 346 1811; x_wconf 89' lang='lat' dir='ltr'>minis</span> <span class='ocrx_word' id='word_1_76' title='bbox 382 1736 562 1833; x_wconf 90' lang='lat' dir='ltr'>obsequio</span> <span class='ocrx_word' id='word_1_77' title='bbox 608 1738 798 1809; x_wconf 85' lang='lat' dir='ltr'>retinuisse</span> <span class='ocrx_word' id='word_1_78' title='bbox 837 1739 881 1832; x_wconf 86' lang='lat' dir='ltr'>(l,</span> <span class='ocrx_word' id='word_1_79' title='bbox 924 1741 957 1823; x_wconf 90' lang='lat'>8,</span> <span class='ocrx_word' id='word_1_80' title='bbox 1004 1740 1080 1834; x_wconf 79' lang='lat'><em>40).</em></span> <span class='ocrx_word' id='word_1_81' title='bbox 1122 1738 1191 1811; x_wconf 88' lang='lat' dir='ltr'>Sed</span> <span class='ocrx_word' id='word_1_82' title='bbox 1231 1764 1317 1812; x_wconf 83' lang='lat' dir='ltr'>mox</span> <span class='ocrx_word' id='word_1_83' title='bbox 1344 1741 1458 1827; x_wconf 91' lang='lat' dir='ltr'>Baias,</span> 
     </span>
     <span class='ocr_line' id='line_1_11' title="bbox 234 1858 1460 1957; baseline 0 -23"><span class='ocrx_word' id='word_1_84' title='bbox 234 1861 339 1934; x_wconf 90' lang='lat' dir='ltr'>litora</span> <span class='ocrx_word' id='word_1_85' title='bbox 376 1861 482 1934; x_wconf 89' lang='lat' dir='ltr'>castis</span> <span class='ocrx_word' id='word_1_86' title='bbox 511 1858 643 1956; x_wconf 88' lang='lat' dir='ltr'>puellis</span> <span class='ocrx_word' id='word_1_87' title='bbox 673 1861 831 1945; x_wconf 89' lang='lat' dir='ltr'>inimica,</span> <span class='ocrx_word' id='word_1_88' title='bbox 866 1861 1025 1933; x_wconf 83' lang='lat' dir='ltr'>visitavit</span> <span class='ocrx_word' id='word_1_89' title='bbox 1057 1862 1100 1956; x_wconf 92' lang='grc' dir='ltr'>(Ι,</span> <span class='ocrx_word' id='word_1_90' title='bbox 1146 1862 1208 1957; x_wconf 90' lang='lat'>11)</span> <span class='ocrx_word' id='word_1_91' title='bbox 1235 1864 1353 1934; x_wconf 85' lang='lat' dir='ltr'>invito</span> <span class='ocrx_word' id='word_1_92' title='bbox 1377 1863 1460 1934; x_wconf 89' lang='lat' dir='ltr'>Pro-</span> 
     </span>
     <span class='ocr_line' id='line_1_12' title="bbox 233 1983 1459 2080; baseline 0.002 -25"><span class='ocrx_word' id='word_1_93' title='bbox 233 1984 349 2080; x_wconf 92' lang='lat' dir='ltr'>pertio</span> <span class='ocrx_word' id='word_1_94' title='bbox 375 1985 438 2080; x_wconf 91' lang='lat' dir='ltr'>qui</span> <span class='ocrx_word' id='word_1_95' title='bbox 461 1984 562 2056; x_wconf 90' lang='lat' dir='ltr'>solus</span> <span class='ocrx_word' id='word_1_96' title='bbox 586 1983 769 2068; x_wconf 84' lang='lat' dir='ltr'>remansit,</span> <span class='ocrx_word' id='word_1_97' title='bbox 798 1998 831 2055; x_wconf 89' lang='lat' dir='ltr'>et</span> <span class='ocrx_word' id='word_1_98' title='bbox 857 2008 932 2055; x_wconf 92' lang='lat' dir='ltr'>non</span> <span class='ocrx_word' id='word_1_99' title='bbox 967 1985 1152 2057; x_wconf 89' lang='lat' dir='ltr'>immerito</span> <span class='ocrx_word' id='word_1_100' title='bbox 1187 2009 1224 2057; x_wconf 90' lang='lat' dir='ltr'>se</span> <span class='ocrx_word' id='word_1_101' title='bbox 1247 1984 1459 2058; x_wconf 90' lang='lat' dir='ltr'>derelictum</span> 
     </span>
     <span class='ocr_line' id='line_1_13' title="bbox 233 2105 1458 2202; baseline 0.001 -24"><span class='ocrx_word' id='word_1_102' title='bbox 233 2121 358 2202; x_wconf 84' lang='lat' dir='ltr'>putare</span> <span class='ocrx_word' id='word_1_103' title='bbox 379 2107 500 2202; x_wconf 90' lang='lat' dir='ltr'>potuit</span> <span class='ocrx_word' id='word_1_104' title='bbox 536 2106 579 2200; x_wconf 87' lang='lat' dir='ltr'>(I,</span> <span class='ocrx_word' id='word_1_105' title='bbox 611 2128 681 2191; x_wconf 86' lang='lat'>12;</span> <span class='ocrx_word' id='word_1_106' title='bbox 716 2106 741 2190; x_wconf 91' lang='grc' dir='ltr'>Ι,</span> <span class='ocrx_word' id='word_1_107' title='bbox 776 2127 828 2196; x_wconf 84' lang='lat'>13,</span> <span class='ocrx_word' id='word_1_108' title='bbox 860 2105 910 2200; x_wconf 88' lang='lat'>2).</span> <span class='ocrx_word' id='word_1_109' title='bbox 937 2106 963 2192; x_wconf 90' lang='lat' dir='ltr'>I,</span> <span class='ocrx_word' id='word_1_110' title='bbox 998 2128 1040 2196; x_wconf 85' lang='lat'>14</span> <span class='ocrx_word' id='word_1_111' title='bbox 1072 2105 1222 2202; x_wconf 89' lang='lat' dir='ltr'>quidem</span> <span class='ocrx_word' id='word_1_112' title='bbox 1250 2106 1458 2179; x_wconf 85' lang='lat' dir='ltr'>felicitatem</span> 
     </span>
     <span class='ocr_line' id='line_1_14' title="bbox 233 2228 1458 2325; baseline 0.002 -25"><span class='ocrx_word' id='word_1_113' title='bbox 233 2230 354 2325; x_wconf 85' lang='lat' dir='ltr'>spirat.</span> <span class='ocrx_word' id='word_1_114' title='bbox 388 2228 455 2301; x_wconf 89' lang='lat' dir='ltr'>Sed</span> <span class='ocrx_word' id='word_1_115' title='bbox 490 2229 515 2313; x_wconf 94' lang='lat' dir='ltr'>I,</span> <span class='ocrx_word' id='word_1_116' title='bbox 557 2242 611 2319; x_wconf 87' lang='lat'>15.</span> <span class='ocrx_word' id='word_1_117' title='bbox 636 2243 781 2323; x_wconf 88' lang='lat' dir='ltr'>poetam</span> <span class='ocrx_word' id='word_1_118' title='bbox 814 2228 1103 2323; x_wconf 88' lang='lat' dir='ltr'>proficiscentem</span> <span class='ocrx_word' id='word_1_119' title='bbox 1142 2244 1192 2314; x_wconf 93' lang='lat' dir='ltr'>ut,</span> <span class='ocrx_word' id='word_1_120' title='bbox 1230 2253 1287 2301; x_wconf 92' lang='lat' dir='ltr'>me</span> <span class='ocrx_word' id='word_1_121' title='bbox 1329 2229 1458 2311; x_wconf 86' lang='lat' dir='ltr'>iudice,</span> 
     </span>
     <span class='ocr_line' id='line_1_15' title="bbox 233 2337 1458 2447; baseline 0 -23"><span class='ocrx_word' id='word_1_122' title='bbox 233 2375 394 2424; x_wconf 93' lang='lat' dir='ltr'>amorem</span> <span class='ocrx_word' id='word_1_123' title='bbox 415 2352 578 2447; x_wconf 88' lang='lat' dir='ltr'>sopitum</span> <span class='ocrx_word' id='word_1_124' title='bbox 594 2351 760 2423; x_wconf 85' lang='lat' dir='ltr'>excitaret</span> <span class='ocrx_word' id='word_1_125' title='bbox 779 2349 835 2422; x_wconf 87' lang='lat' dir='ltr'>vel</span> <span class='ocrx_word' id='word_1_126' title='bbox 857 2349 942 2423; x_wconf 90' lang='lat' dir='ltr'>fidei</span> <span class='ocrx_word' id='word_1_127' title='bbox 957 2337 1197 2423; x_wconf 87' lang='lat' dir='ltr'>violationem</span> <span class='ocrx_word' id='word_1_128' title='bbox 1218 2351 1458 2437; x_wconf 87' lang='lat' dir='ltr'>ulcisceretur,</span> 
     </span>
     <span class='ocr_line' id='line_1_16' title="bbox 234 2472 1474 2569; baseline 0 -23"><span class='ocrx_word' id='word_1_129' title='bbox 234 2472 393 2568; x_wconf 87' lang='lat' dir='ltr'>Cynthia</span> <span class='ocrx_word' id='word_1_130' title='bbox 422 2472 519 2546; x_wconf 90' lang='lat' dir='ltr'>lenta</span> <span class='ocrx_word' id='word_1_131' title='bbox 551 2473 719 2568; x_wconf 85' lang='lat' dir='ltr'>despicit,</span> <span class='ocrx_word' id='word_1_132' title='bbox 749 2489 788 2545; x_wconf 93' lang='lat' dir='ltr'>ut</span> <span class='ocrx_word' id='word_1_133' title='bbox 819 2474 847 2556; x_wconf 92' lang='lat' dir='ltr'>l,</span> <span class='ocrx_word' id='word_1_134' title='bbox 879 2494 919 2566; x_wconf 89' lang='lat'>17</span> <span class='ocrx_word' id='word_1_135' title='bbox 951 2498 988 2544; x_wconf 87' lang='lat' dir='ltr'>se</span> <span class='ocrx_word' id='word_1_136' title='bbox 1020 2474 1142 2568; x_wconf 87' lang='lat' dir='ltr'>ipsum</span> <span class='ocrx_word' id='word_1_137' title='bbox 1172 2474 1331 2568; x_wconf 88' lang='lat' dir='ltr'>increpet</span> <span class='ocrx_word' id='word_1_138' title='bbox 1360 2473 1474 2569; x_wconf 84' lang='lat' dir='ltr'>quod·</span> 
     </span>
     <span class='ocr_line' id='line_1_17' title="bbox 234 2594 1460 2692; baseline 0.002 -25"><span class='ocrx_word' id='word_1_139' title='bbox 234 2595 423 2667; x_wconf 88' lang='lat' dir='ltr'>dominam</span> <span class='ocrx_word' id='word_1_140' title='bbox 454 2596 578 2692; x_wconf 84' lang='lat' dir='ltr'>fugere</span> <span class='ocrx_word' id='word_1_141' title='bbox 604 2596 773 2691; x_wconf 91' lang='lat' dir='ltr'>potuerit,</span> <span class='ocrx_word' id='word_1_142' title='bbox 803 2611 837 2667; x_wconf 89' lang='lat' dir='ltr'>et</span> <span class='ocrx_word' id='word_1_143' title='bbox 866 2596 891 2679; x_wconf 91' lang='lat' dir='ltr'>l,</span> <span class='ocrx_word' id='word_1_144' title='bbox 915 2598 957 2666; x_wconf 90' lang='lat'>18</span> <span class='ocrx_word' id='word_1_145' title='bbox 986 2595 1138 2667; x_wconf 82' lang='lat' dir='ltr'>fateatur</span> <span class='ocrx_word' id='word_1_146' title='bbox 1156 2619 1193 2666; x_wconf 89' lang='lat' dir='ltr'>se</span> <span class='ocrx_word' id='word_1_147' title='bbox 1225 2597 1262 2666; x_wconf 92' lang='lat' dir='ltr'>in</span> <span class='ocrx_word' id='word_1_148' title='bbox 1291 2594 1460 2690; x_wconf 90' lang='lat' dir='ltr'>Cynthiae</span> 
     </span>
    </p>
   </div>
   <div class='ocr_carea' id='block_1_3' title="bbox 39 2716 1459 3059">
    <p class='ocr_par' dir='ltr' id='par_1_3' title="bbox 39 2716 1459 3059">
     <span class='ocr_line' id='line_1_18' title="bbox 39 2716 1459 2818; baseline 0 -28"><span class='ocrx_word' id='word_1_149' title='bbox 39 2795 40 2799; x_wconf 48' lang='lat'>,</span> <span class='ocrx_word' id='word_1_150' title='bbox 119 2814 121 2818; x_wconf 85' lang='lat'>.</span> <span class='ocrx_word' id='word_1_151' title='bbox 233 2741 355 2790; x_wconf 91' lang='lat' dir='ltr'>amore</span> <span class='ocrx_word' id='word_1_152' title='bbox 386 2734 511 2789; x_wconf 90' lang='lat' dir='ltr'>notam</span> <span class='ocrx_word' id='word_1_153' title='bbox 545 2716 674 2789; x_wconf 87' lang='lat' dir='ltr'>habere</span> <span class='ocrx_word' id='word_1_154' title='bbox 713 2718 804 2814; x_wconf 87' lang='lat' dir='ltr'>cogi.</span> <span class='ocrx_word' id='word_1_155' title='bbox 838 2718 966 2814; x_wconf 90' lang='lat' dir='ltr'>Neque</span> <span class='ocrx_word' id='word_1_156' title='bbox 995 2716 1202 2790; x_wconf 89' lang='lat' dir='ltr'>mirandum</span> <span class='ocrx_word' id='word_1_157' title='bbox 1229 2734 1283 2790; x_wconf 88' lang='lat' dir='ltr'>est</span> <span class='ocrx_word' id='word_1_158' title='bbox 1313 2735 1459 2814; x_wconf 89' lang='lat' dir='ltr'>poetam</span> 
     </span>
     <span class='ocr_line' id='line_1_19' title="bbox 232 2838 1457 2934; baseline 0.003 -25"><span class='ocrx_word' id='word_1_159' title='bbox 232 2840 258 2924; x_wconf 91' lang='grc' dir='ltr'>Ι,</span> <span class='ocrx_word' id='word_1_160' title='bbox 293 2862 334 2931; x_wconf 90' lang='lat'>19</span> <span class='ocrx_word' id='word_1_161' title='bbox 359 2841 485 2912; x_wconf 91' lang='lat' dir='ltr'>timere</span> <span class='ocrx_word' id='word_1_162' title='bbox 515 2863 560 2912; x_wconf 91' lang='lat' dir='ltr'>ne</span> <span class='ocrx_word' id='word_1_163' title='bbox 592 2864 702 2913; x_wconf 91' lang='lat' dir='ltr'>suum</span> <span class='ocrx_word' id='word_1_164' title='bbox 735 2840 849 2911; x_wconf 91' lang='lat' dir='ltr'>funus</span> <span class='ocrx_word' id='word_1_165' title='bbox 877 2838 1046 2934; x_wconf 84' lang='lat' dir='ltr'>Cynthiae</span> <span class='ocrx_word' id='word_1_166' title='bbox 1075 2864 1197 2913; x_wconf 86' lang='lat' dir='ltr'>amore</span> <span class='ocrx_word' id='word_1_167' title='bbox 1221 2857 1343 2926; x_wconf 84' lang='lat' dir='ltr'>careat,</span> <span class='ocrx_word' id='word_1_168' title='bbox 1374 2865 1457 2921; x_wconf 91' lang='lat' dir='ltr'>cum</span> 
     </span>
     <span class='ocr_line' id='line_1_20' title="bbox 234 2961 1457 3059; baseline 0.002 -26"><span class='ocrx_word' id='word_1_169' title='bbox 234 2962 305 3033; x_wconf 87' lang='lat' dir='ltr'>iarn</span> <span class='ocrx_word' id='word_1_170' title='bbox 322 2961 356 3033; x_wconf 93' lang='lat' dir='ltr'>id</span> <span class='ocrx_word' id='word_1_171' title='bbox 376 2963 550 3058; x_wconf 91' lang='lat' dir='ltr'>temporis</span> <span class='ocrx_word' id='word_1_172' title='bbox 567 2985 646 3034; x_wconf 91' lang='lat' dir='ltr'>eam</span> <span class='ocrx_word' id='word_1_173' title='bbox 669 2963 751 3034; x_wconf 89' lang='lat' dir='ltr'>nive</span> <span class='ocrx_word' id='word_1_174' title='bbox 779 2962 942 3034; x_wconf 88' lang='lat' dir='ltr'>rnaeotica</span> <span class='ocrx_word' id='word_1_175' title='bbox 967 2962 1191 3058; x_wconf 85' lang='lat' dir='ltr'>frigidiorem</span> <span class='ocrx_word' id='word_1_176' title='bbox 1212 2979 1378 3059; x_wconf 84' lang='lat' dir='ltr'>expertus</span> <span class='ocrx_word' id='word_1_177' title='bbox 1401 2965 1457 3036; x_wconf 89' lang='lat' dir='ltr'>sit.</span> 
     </span>
    </p>
   </div>
   <div class='ocr_carea' id='block_1_4' title="bbox 232 3107 1459 4555">
    <p class='ocr_par' dir='ltr' id='par_1_4' title="bbox 232 3107 1461 4555">
     <span class='ocr_line' id='line_1_21' title="bbox 282 3107 1457 3205; baseline 0 -24"><span class='ocrx_word' id='word_1_178' title='bbox 282 3109 428 3181; x_wconf 88' lang='lat' dir='ltr'>Etenim</span> <span class='ocrx_word' id='word_1_179' title='bbox 456 3126 593 3182; x_wconf 90' lang='lat' dir='ltr'>certum</span> <span class='ocrx_word' id='word_1_180' title='bbox 622 3124 686 3194; x_wconf 89' lang='lat' dir='ltr'>est,</span> <span class='ocrx_word' id='word_1_181' title='bbox 711 3107 786 3181; x_wconf 64' lang='lat' dir='ltr'>&gt;iam</span> <span class='ocrx_word' id='word_1_182' title='bbox 817 3110 854 3180; x_wconf 87' lang='lat' dir='ltr'>in</span> <span class='ocrx_word' id='word_1_183' title='bbox 881 3107 945 3180; x_wconf 94' lang='lat' dir='ltr'>illo</span> <span class='ocrx_word' id='word_1_184' title='bbox 965 3109 1085 3205; x_wconf 92' lang='lat' dir='ltr'>primo</span> <span class='ocrx_word' id='word_1_185' title='bbox 1113 3108 1215 3194; x_wconf 92' lang='lat' dir='ltr'>libr0,</span> <span class='ocrx_word' id='word_1_186' title='bbox 1243 3109 1306 3183; x_wconf 91' lang='lat' dir='ltr'>ubi</span> <span class='ocrx_word' id='word_1_187' title='bbox 1335 3126 1457 3182; x_wconf 90' lang='lat' dir='ltr'>tamen</span> 
     </span>
     <span class='ocr_line' id='line_1_22' title="bbox 234 3229 1459 3329; baseline 0 -24"><span class='ocrx_word' id='word_1_188' title='bbox 234 3231 278 3305; x_wconf 89' lang='lat' dir='ltr'>de</span> <span class='ocrx_word' id='word_1_189' title='bbox 317 3230 416 3304; x_wconf 89' lang='lat' dir='ltr'>nulla</span> <span class='ocrx_word' id='word_1_190' title='bbox 447 3247 539 3303; x_wconf 90' lang='lat' dir='ltr'>certa</span> <span class='ocrx_word' id='word_1_191' title='bbox 572 3230 741 3325; x_wconf 86' lang='lat' dir='ltr'>Cynthiae</span> <span class='ocrx_word' id='word_1_192' title='bbox 771 3232 933 3327; x_wconf 84' lang='lat' dir='ltr'>graviore</span> <span class='ocrx_word' id='word_1_193' title='bbox 967 3229 1072 3326; x_wconf 89' lang='lat' dir='ltr'>culpa</span> <span class='ocrx_word' id='word_1_194' title='bbox 1113 3231 1155 3302; x_wconf 85' lang='lat' dir='ltr'>fit</span> <span class='ocrx_word' id='word_1_195' title='bbox 1196 3233 1348 3317; x_wconf 89' lang='lat' dir='ltr'>menti0,</span> <span class='ocrx_word' id='word_1_196' title='bbox 1376 3231 1459 3329; x_wconf 90' lang='lat' dir='ltr'>plus</span> 
     </span>
     <span class='ocr_line' id='line_1_23' title="bbox 234 3353 1458 3451; baseline 0.001 -25"><span class='ocrx_word' id='word_1_197' title='bbox 234 3356 387 3427; x_wconf 88' lang='lat' dir='ltr'>tristitiae</span> <span class='ocrx_word' id='word_1_198' title='bbox 431 3378 540 3451; x_wconf 90' lang='lat' dir='ltr'>quam</span> <span class='ocrx_word' id='word_1_199' title='bbox 585 3353 719 3427; x_wconf 90' lang='lat' dir='ltr'>laetitiae</span> <span class='ocrx_word' id='word_1_200' title='bbox 784 3353 1015 3450; x_wconf 89' lang='lat' dir='ltr'>deprehendi,</span> <span class='ocrx_word' id='word_1_201' title='bbox 1069 3370 1103 3426; x_wconf 90' lang='lat' dir='ltr'>et</span> <span class='ocrx_word' id='word_1_202' title='bbox 1151 3378 1233 3426; x_wconf 93' lang='lat' dir='ltr'>cum</span> <span class='ocrx_word' id='word_1_203' title='bbox 1271 3354 1458 3427; x_wconf 87' lang='lat' dir='ltr'>Knauthio</span> 
     </span>
     <span class='ocr_line' id='line_1_24' title="bbox 232 3475 1459 3572; baseline 0.001 -24"><span class='ocrx_word' id='word_1_204' title='bbox 232 3479 286 3572; x_wconf 93' lang='lat' dir='ltr'>(p.</span> <span class='ocrx_word' id='word_1_205' title='bbox 319 3478 381 3572; x_wconf 89' lang='lat'>11)</span> <span class='ocrx_word' id='word_1_206' title='bbox 413 3478 587 3549; x_wconf 88' lang='lat' dir='ltr'>miramur</span> <span class='ocrx_word' id='word_1_207' title='bbox 628 3475 874 3572; x_wconf 85' lang='lat' dir='ltr'>Herzbergum</span> <span class='ocrx_word' id='word_1_208' title='bbox 921 3477 971 3547; x_wconf 89' lang='lat' dir='ltr'>sic·</span> <span class='ocrx_word' id='word_1_209' title='bbox 1013 3477 1050 3547; x_wconf 90' lang='lat' dir='ltr'>in</span> <span class='ocrx_word' id='word_1_210' title='bbox 1095 3476 1308 3549; x_wconf 90' lang='lat' dir='ltr'>universum</span> <span class='ocrx_word' id='word_1_211' title='bbox 1342 3476 1385 3550; x_wconf 89' lang='lat' dir='ltr'>de</span> <span class='ocrx_word' id='word_1_212' title='bbox 1415 3502 1459 3549; x_wconf 92' lang='lat' dir='ltr'>eo</span> 
     </span>
     <span class='ocr_line' id='line_1_25' title="bbox 233 3597 1459 3694; baseline 0 -22"><span class='ocrx_word' id='word_1_213' title='bbox 233 3601 448 3673; x_wconf 86' lang='lat' dir='ltr'>iudicavisse</span> <span class='ocrx_word' id='word_1_214' title='bbox 480 3599 642 3693; x_wconf 87' lang='lat' dir='ltr'>(Quaest.</span> <span class='ocrx_word' id='word_1_215' title='bbox 682 3623 715 3694; x_wconf 87' lang='lat' dir='ltr'>p.</span> <span class='ocrx_word' id='word_1_216' title='bbox 752 3601 818 3693; x_wconf 78' lang='lat'>43)</span> <span class='ocrx_word' id='word_1_217' title='bbox 859 3624 865 3670; x_wconf 93' lang='lat'><strong>:</strong></span> <span class='ocrx_word' id='word_1_218' title='bbox 907 3627 924 3666; x_wconf 87' lang='lat'>‹&lt;</span> <span class='ocrx_word' id='word_1_219' title='bbox 959 3599 999 3669; x_wconf 94' lang='lat' dir='ltr'>ln</span> <span class='ocrx_word' id='word_1_220' title='bbox 1033 3597 1103 3670; x_wconf 93' lang='lat' dir='ltr'>hoc</span> <span class='ocrx_word' id='word_1_221' title='bbox 1132 3614 1212 3670; x_wconf 88' lang='lat' dir='ltr'>toto</span> <span class='ocrx_word' id='word_1_222' title='bbox 1241 3598 1334 3671; x_wconf 90' lang='lat' dir='ltr'>libro</span> <span class='ocrx_word' id='word_1_223' title='bbox 1373 3601 1459 3673; x_wconf 90' lang='lat' dir='ltr'>satis</span> 
     </span>
     <span class='ocr_line' id='line_1_26' title="bbox 235 3721 1457 3819; baseline 0 -24"><span class='ocrx_word' id='word_1_224' title='bbox 235 3722 360 3795; x_wconf 88' lang='lat' dir='ltr'>laetum</span> <span class='ocrx_word' id='word_1_225' title='bbox 403 3746 480 3794; x_wconf 84' lang='lat' dir='ltr'>esse</span> <span class='ocrx_word' id='word_1_226' title='bbox 505 3745 667 3794; x_wconf 90' lang='lat' dir='ltr'>amorem</span> <span class='ocrx_word' id='word_1_227' title='bbox 696 3721 875 3793; x_wconf 88' lang='lat' dir='ltr'>videmus.</span> <span class='ocrx_word' id='word_1_228' title='bbox 921 3749 938 3789; x_wconf 77' lang='lat' dir='ltr'>a</span> <span class='ocrx_word' id='word_1_229' title='bbox 971 3722 1064 3793; x_wconf 88' lang='lat' dir='ltr'>Nam</span> <span class='ocrx_word' id='word_1_230' title='bbox 1095 3723 1234 3794; x_wconf 92' lang='lat' dir='ltr'>omisso</span> <span class='ocrx_word' id='word_1_231' title='bbox 1273 3747 1327 3807; x_wconf 86' lang='lat' dir='ltr'>eu,</span> <span class='ocrx_word' id='word_1_232' title='bbox 1359 3722 1457 3819; x_wconf 92' lang='lat' dir='ltr'>quod</span> 
     </span>
     <span class='ocr_line' id='line_1_27' title="bbox 235 3823 1459 3939; baseline -0.001 -20"><span class='ocrx_word' id='word_1_233' title='bbox 235 3845 376 3919; x_wconf 86' lang='lat' dir='ltr'>discidii</span> <span class='ocrx_word' id='word_1_234' title='bbox 416 3869 515 3917; x_wconf 90' lang='lat' dir='ltr'>anno</span> <span class='ocrx_word' id='word_1_235' title='bbox 556 3861 609 3917; x_wconf 90' lang='lat' dir='ltr'>est</span> <span class='ocrx_word' id='word_1_236' title='bbox 647 3823 776 3917; x_wconf 89' lang='lat' dir='ltr'>finitus</span> <span class='ocrx_word' id='word_1_237' title='bbox 809 3846 852 3939; x_wconf 94' lang='lat' dir='ltr'>(l,</span> <span class='ocrx_word' id='word_1_238' title='bbox 901 3846 947 3938; x_wconf 89' lang='lat'>1),</span> <span class='ocrx_word' id='word_1_239' title='bbox 988 3845 1059 3916; x_wconf 91' lang='lat' dir='ltr'>iarn</span> <span class='ocrx_word' id='word_1_240' title='bbox 1097 3861 1178 3916; x_wconf 91' lang='lat' dir='ltr'>tum</span> <span class='ocrx_word' id='word_1_241' title='bbox 1218 3846 1309 3918; x_wconf 90' lang='lat' dir='ltr'>duro</span> <span class='ocrx_word' id='word_1_242' title='bbox 1345 3845 1459 3919; x_wconf 85' lang='lat' dir='ltr'>sidere</span> 
     </span>
     <span class='ocr_line' id='line_1_28' title="bbox 235 3951 1459 4065; baseline 0 -25"><span class='ocrx_word' id='word_1_243' title='bbox 235 3987 340 4065; x_wconf 87' lang='lat' dir='ltr'>poeta</span> <span class='ocrx_word' id='word_1_244' title='bbox 375 3969 463 4052; x_wconf 80' lang='lat' dir='ltr'>vixit</span> <span class='ocrx_word' id='word_1_245' title='bbox 493 3969 537 4062; x_wconf 93' lang='lat' dir='ltr'>(l,</span> <span class='ocrx_word' id='word_1_246' title='bbox 568 3972 599 4053; x_wconf 85' lang='lat'>6,</span> <span class='ocrx_word' id='word_1_247' title='bbox 633 3969 710 4061; x_wconf 72' lang='lat'>56),</span> <span class='ocrx_word' id='word_1_248' title='bbox 745 3968 815 4038; x_wconf 91' lang='lat' dir='ltr'>iam</span> <span class='ocrx_word' id='word_1_249' title='bbox 852 3990 957 4063; x_wconf 82' lang='lat' dir='ltr'>grave</span> <span class='ocrx_word' id='word_1_250' title='bbox 991 3968 1179 4039; x_wconf 89' lang='lat' dir='ltr'>servitium</span> <span class='ocrx_word' id='word_1_251' title='bbox 1204 3951 1286 4052; x_wconf 85' lang='lat' dir='ltr'>erat,</span> <span class='ocrx_word' id='word_1_252' title='bbox 1315 3984 1349 4040; x_wconf 93' lang='lat' dir='ltr'>et</span> <span class='ocrx_word' id='word_1_253' title='bbox 1376 3970 1459 4040; x_wconf 92' lang='lat' dir='ltr'>Pro-</span> 
     </span>
     <span class='ocr_line' id='line_1_29' title="bbox 235 4089 1457 4190; baseline -0.002 -26"><span class='ocrx_word' id='word_1_254' title='bbox 235 4093 371 4190; x_wconf 87' lang='lat' dir='ltr'>pertius</span> <span class='ocrx_word' id='word_1_255' title='bbox 398 4091 569 4162; x_wconf 88' lang='lat' dir='ltr'>didicerat</span> <span class='ocrx_word' id='word_1_256' title='bbox 589 4089 676 4186; x_wconf 93' lang='lat' dir='ltr'>quid</span> <span class='ocrx_word' id='word_1_257' title='bbox 701 4106 794 4162; x_wconf 91' lang='lat' dir='ltr'>esset</span> <span class='ocrx_word' id='word_1_258' title='bbox 823 4089 1011 4162; x_wconf 88' lang='lat' dir='ltr'>exclusum</span> <span class='ocrx_word' id='word_1_259' title='bbox 1044 4089 1140 4162; x_wconf 89' lang='lat' dir='ltr'>abire</span> <span class='ocrx_word' id='word_1_260' title='bbox 1166 4089 1320 4163; x_wconf 92' lang='lat' dir='ltr'>domum</span> <span class='ocrx_word' id='word_1_261' title='bbox 1355 4092 1398 4187; x_wconf 88' lang='lat' dir='ltr'>(I,</span> <span class='ocrx_word' id='word_1_262' title='bbox 1427 4107 1457 4183; x_wconf 83' lang='lat'>5,</span> 
     </span>
     <span class='ocr_line' id='line_1_30' title="bbox 239 4211 1459 4309; baseline -0.001 -22"><span class='ocrx_word' id='word_1_263' title='bbox 239 4217 383 4309; x_wconf 87' lang='lat'>19-20).</span> <span class='ocrx_word' id='word_1_264' title='bbox 419 4212 556 4309; x_wconf 87' lang='lat' dir='ltr'>Aliquo</span> <span class='ocrx_word' id='word_1_265' title='bbox 583 4228 745 4308; x_wconf 88' lang='lat' dir='ltr'>tempore</span> <span class='ocrx_word' id='word_1_266' title='bbox 773 4215 866 4284; x_wconf 88' lang='lat' dir='ltr'>inter</span> <span class='ocrx_word' id='word_1_267' title='bbox 898 4211 1019 4285; x_wconf 89' lang='lat' dir='ltr'>felices</span> <span class='ocrx_word' id='word_1_268' title='bbox 1050 4230 1213 4285; x_wconf 90' lang='lat' dir='ltr'>amantes</span> <span class='ocrx_word' id='word_1_269' title='bbox 1248 4229 1459 4286; x_wconf 89' lang='lat' dir='ltr'>numeratus</span> 
     </span>
     <span class='ocr_line' id='line_1_31' title="bbox 234 4335 1454 4432; baseline -0.001 -24"><span class='ocrx_word' id='word_1_270' title='bbox 234 4338 278 4432; x_wconf 86' lang='lat'>(1,</span> <span class='ocrx_word' id='word_1_271' title='bbox 323 4341 375 4420; x_wconf 88' lang='lat'>18,</span> <span class='ocrx_word' id='word_1_272' title='bbox 405 4338 456 4431; x_wconf 93' lang='lat'>7),</span> <span class='ocrx_word' id='word_1_273' title='bbox 488 4360 573 4408; x_wconf 83' lang='lat' dir='ltr'>mox</span> <span class='ocrx_word' id='word_1_274' title='bbox 608 4359 683 4407; x_wconf 92' lang='lat' dir='ltr'>non</span> <span class='ocrx_word' id='word_1_275' title='bbox 715 4336 783 4407; x_wconf 90' lang='lat' dir='ltr'>iras</span> <span class='ocrx_word' id='word_1_276' title='bbox 819 4335 930 4407; x_wconf 93' lang='lat' dir='ltr'>modo</span> <span class='ocrx_word' id='word_1_277' title='bbox 969 4337 1014 4430; x_wconf 89' lang='lat' dir='ltr'>(l,</span> <span class='ocrx_word' id='word_1_278' title='bbox 1054 4358 1082 4429; x_wconf 76' lang='lat'>5.</span> <span class='ocrx_word' id='word_1_279' title='bbox 1124 4338 1174 4428; x_wconf 82' lang='lat'>8),</span> <span class='ocrx_word' id='word_1_280' title='bbox 1216 4335 1277 4408; x_wconf 89' lang='lat' dir='ltr'>sed</span> <span class='ocrx_word' id='word_1_281' title='bbox 1328 4337 1454 4408; x_wconf 90' lang='lat' dir='ltr'>omnia</span> 
     </span>
     <span class='ocr_line' id='line_1_32' title="bbox 235 4456 1457 4555; baseline -0.001 -25"><span class='ocrx_word' id='word_1_282' title='bbox 235 4483 383 4555; x_wconf 87' lang='lat' dir='ltr'>quoque</span> <span class='ocrx_word' id='word_1_283' title='bbox 417 4460 513 4531; x_wconf 88' lang='lat' dir='ltr'>iussa</span> <span class='ocrx_word' id='word_1_284' title='bbox 546 4457 708 4554; x_wconf 87' lang='lat' dir='ltr'>superbae</span> <span class='ocrx_word' id='word_1_285' title='bbox 739 4456 899 4530; x_wconf 86' lang='lat' dir='ltr'>dominae</span> <span class='ocrx_word' id='word_1_286' title='bbox 932 4458 1020 4530; x_wconf 90' lang='lat' dir='ltr'>ferre</span> <span class='ocrx_word' id='word_1_287' title='bbox 1048 4474 1284 4531; x_wconf 86' lang='lat' dir='ltr'>consueverat</span> <span class='ocrx_word' id='word_1_288' title='bbox 1321 4459 1365 4553; x_wconf 86' lang='lat' dir='ltr'>(l,</span> <span class='ocrx_word' id='word_1_289' title='bbox 1403 4461 1457 4543; x_wconf 92' lang='lat'>18,</span> 
     </span>
    </p>
   </div>
   <div class='ocr_carea' id='block_1_5' title="bbox 0 0 1706 5468">
    <p class='ocr_par' dir='ltr' id='par_1_5' title="bbox 0 0 1706 5468">
     <span class='ocr_line' id='line_1_33' title="bbox 0 0 1706 5468; baseline 0 0"><span class='ocrx_word' id='word_1_290' title='bbox 0 0 1706 5468; x_wconf 95' lang='lat' dir='ltr'> </span> 
     </span>
    </p>
   </div>
  </div>
 </body>
</html>
