3398 5468
761 584 975 680 ..97

231 752 332 824 locos
352 776 437 824 sane
458 750 597 823 multos
618 750 733 823 nostri
754 763 956 831 enumerat,
975 745 1110 842 quibus
1131 745 1284 818 nomina
1303 741 1462 836 Cynthia

232 892 267 948 et
294 876 423 947 Hostia
448 874 642 971 permutari
671 896 748 943 non
774 886 941 966 possunt,
970 894 1022 942 eir.
1050 893 1100 966 gr.
1130 870 1159 953 I,
1189 890 1293 959 4,19
1322 865 1402 953 ubi,
1432 869 1461 938 si

232 998 270 1068 in
300 996 381 1080 hoc,
411 994 511 1090 quod
540 993 672 1091 legitur

332 1250 407 1320 Nec
428 1247 499 1365 gibi
527 1271 586 1318 me
613 1245 775 1342 posthaec
802 1248 1009 1318 committet
1035 1245 1211 1339 Cynthia,
1241 1269 1307 1317 nec
1332 1261 1367 1316 te

236 1532 308 1578 vox
333 1507 456 1578 Hostia
481 1507 563 1578 voci
591 1505 733 1602 Cynthio
760 1505 1049 1589 substitueretur,
1072 1504 1208 1598 syllaba
1235 1527 1316 1599 quae
1343 1513 1465 1575 estrat

237 1645 396 1725 correpta
419 1645 628 1701 remaneret.
653 1627 911 1701 Nihilominus
938 1628 1105 1701 Hostiam
1136 1651 1262 1699 verum
1295 1626 1465 1720 Cynthiae

238 1775 375 1823 nomen
420 1751 533 1823 fuisse
571 1775 713 1823 cense0.
745 1752 821 1822 Iam
856 1751 1016 1848 primum
1052 1749 1128 1823 haec
1173 1749 1262 1848 legis
1300 1774 1405 1822 causa
1447 1775 1467 1820 a

237 1874 413 1959 Bentleio,
447 1899 523 1946 non
556 1871 795 1960 aveteribus,
830 1873 910 1947 data
938 1890 1001 1947 est.
1035 1874 1084 1946 Ea
1112 1889 1271 1946 ceterum
1299 1874 1350 1946 sic
1382 1874 1468 1944 acci·

239 1994 370 2092 pienda
396 1995 486 2067 mihi
522 1994 675 2080 videtur,
708 1997 920 2092 utantiqui
952 2011 1069 2092 poetae
1109 1994 1177 2068 sibi
1211 1995 1468 2091 proposuerint

238 2117 413 2215 pluribus
436 2142 513 2189 non
534 2117 709 2191 omnibus
732 2117 832 2203 locis
862 2143 989 2191 verum
1019 2142 1156 2190 nomen
1178 2118 1266 2189 ficto
1295 2114 1467 2190 substitui

241 2266 357 2337 posse.
387 2241 445 2314 Sic
473 2240 766 2331 eamBentleius
792 2243 868 2338 ipse
896 2243 1031 2338 accepit
1061 2243 1123 2338 qui
1152 2239 1352 2335 Cynthiam
1377 2240 1468 2312 Hos·
1523 2227 1526 2230 ⁴

241 2367 327 2437 tiam
357 2364 470 2436 fuisse
495 2362 592 2450 dicit,
619 2380 654 2436 et
678 2366 866 2436 Passeratii
890 2388 1046 2438 errorem
1070 2363 1252 2461 redarguit
1273 2363 1331 2436 his
1350 2363 1468 2435 verbis

242 2512 358 2560 usus:
389 2515 405 2556 c<
429 2486 536 2560 Unde
560 2503 595 2558 et
621 2488 744 2585 magni
771 2489 958 2560 Passeratii
985 2512 1081 2560 error
1111 2488 1290 2560 evincitur
1313 2489 1375 2582 qui
1403 2511 1468 2583 pro

240 2611 368 2682 Hostia
399 2610 576 2706 Propertii
599 2610 795 2683 Hostiliam
821 2611 1039 2684 substituere
1063 2609 1207 2696 voluit,
1229 2611 1467 2707 nequeenim

241 2733 414 2804 convenit
441 2731 661 2825 syllabarum
687 2758 874 2807 numerus
898 2761 915 2806 r
940 2735 982 2805 In
1003 2733 1128 2807 eadem
1147 2732 1302 2806 Bentleii
1322 2731 1469 2804 adnota-

240 2857 342 2928 tione
361 2855 515 2928 alterum
537 2855 745 2952 exemplum
769 2858 957 2930 invenitur
976 2856 1076 2953 quod
1097 2856 1267 2929 adversus
1288 2855 1468 2928 Marxium

240 2979 334 3065 facit,
371 2995 406 3050 et
431 2994 568 3052 veteres
599 2980 699 3076 ipsos
738 2981 788 3052 sic
819 2979 938 3077 legem
969 2981 1147 3076 accepisse
1180 2995 1340 3052 testatur.
1373 2977 1468 3052 Acro

241 3102 340 3174 enim
363 3102 517 3173 affirmat
538 3101 634 3197 apud
658 3104 851 3175 Horatium
877 3103 989 3176 Serm.
1012 3105 1037 3189 l,
1068 3127 1098 3187 2,
1124 3105 1168 3194 64
1193 3126 1322 3177 vocem
1348 3103 1469 3176 Villius

241 3249 305 3321 pro
341 3226 475 3297 Annius
508 3249 585 3298 esse
616 3227 785 3321 positam,
819 3243 855 3298 et
882 3225 1069 3298 Bentleius
1111 3225 1155 3298 ad
1192 3225 1292 3298 hunc
1327 3251 1466 3300 novum

241 3347 365 3419 locum
395 3347 544 3420 scribit:
575 3376 592 3416 <i
625 3347 836 3433 Scholiastae
860 3348 904 3422 ad
929 3348 1082 3422 locum:
1106 3347 1260 3435 Villius,
1282 3350 1467 3445 inquiunt,

241 3494 306 3566 pro
325 3471 451 3543 Annio
477 3472 637 3568 ponitur.
662 3472 838 3545 »Verum
863 3474 975 3570 igitur
994 3471 1164 3566 Cynthiae
1184 3496 1334 3557 nornen,
1359 3474 1468 3545 etiam
1517 3550 1519 3555 ,

242 3608 323 3689 post
355 3594 481 3666 Marxii
512 3595 697 3690 ceteroqui
726 3593 829 3667 valde
858 3593 1091 3669 laudandum
1113 3594 1346 3691 opusculum,
1379 3597 1470 3668 Hos·

241 3718 330 3788 tiam
356 3717 468 3789 fuisse
493 3717 695 3803 credemus,
724 3718 927 3815 Apuleium
952 3734 988 3790 et
1012 3717 1194 3791 luvenalis
1220 3717 1468 3806 scholiastam,

242 3853 350 3910 testes
378 3837 661 3912 honestissimos
689 3841 794 3935 (utor
825 3839 944 3912 verbis
977 3840 1120 3926 Marxii,
1154 3842 1216 3937 qui
1247 3843 1324 3914 IuV.
1354 3841 1468 3915 schol.

226 3977 335 4033 certe
358 3961 584 4057 Propertium
613 3963 736 4058 ipsum
763 3961 893 4059 legisse
918 3962 1078 4058 fatetur),
1100 3964 1189 4036 item
1217 3981 1353 4036 ceteros
1373 3966 1471 4037 viros

243 4081 371 4156 doctos
399 4085 523 4156 secuti.
556 4082 670 4165 Quod
697 4083 741 4155 ad
772 4083 901 4156 fictum
931 4109 1068 4157 nomen
1100 4084 1298 4180 Cynthiam
1330 4088 1469 4172 attinet,

243 4206 428 4303 probabile
456 4224 509 4280 est
533 4225 678 4303 poetam
706 4207 798 4281 illud
824 4232 898 4280 suae
918 4210 1042 4281 amicae
1068 4211 1299 4305 imposuisse,
1327 4228 1367 4282 ut
1391 4235 1470 4282 eam

242 4327 449 4424 Apollineis
468 4328 617 4403 dotibus
638 4353 715 4402 esse
733 4345 897 4403 ornatam
918 4330 1146 4427 significaret.

293 4451 390 4525 Cum
432 4453 543 4548 igitur
582 4451 781 4545 Cynthiam
827 4475 911 4525 vero
953 4454 1105 4527 nomine
1148 4450 1316 4527 Hostiam
1358 4453 1471 4527 fuisse
