3398 5468
753 534 946 606 ,2,-

233 730 278 776 ne
308 720 454 802 tempus
482 702 643 800 quidem,
672 729 746 799 quo
770 703 883 800 elegia
911 704 1020 776 fuerit
1046 706 1176 799 scripta
1204 705 1314 798 (puto
1340 719 1461 773 tamen

233 827 326 899 hanc
352 825 504 921 elegiam
534 826 695 898 secundo
726 851 825 898 anno
859 843 942 923 post
986 826 1128 898 discidii
1164 826 1278 896 finem
1317 825 1463 896 exeunti

232 974 310 1022 esse
336 948 578 1035 tribuendam,
606 950 688 1020 vide
713 950 835 1044 infra).
859 951 986 1044 ltaque
1011 949 1102 1021 mihi
1125 949 1269 1020 videtur
1293 950 1330 1019 in
1359 947 1464 1043 plane

232 1071 499 1164 inutili‚etiam
525 1073 554 1143 si
577 1073 655 1143 eius
678 1071 846 1144 ordinem
874 1088 1084 1167 temporum
1116 1071 1298 1166 receperis
1327 1071 1465 1142 coniec-

233 1211 312 1267 tura
338 1192 464 1266 oleum
489 1194 697 1292 perdidisse.

283 1337 405 1410 Restat
434 1351 476 1407 ut
501 1334 545 1407 de
572 1334 686 1432 elegia
712 1337 754 1418 ΙΙ,
784 1358 840 1427 31,
864 1359 974 1430 quam
1003 1337 1139 1428 726l28
1160 1334 1273 1406 fuisse
1295 1334 1464 1429 scriptam

234 1473 385 1542 constat,
409 1473 444 1529 et
475 1480 557 1552 quae
587 1457 835 1530 nihilominus
855 1458 893 1528 in
915 1457 1077 1529 secundo
1098 1455 1190 1530 libro
1223 1456 1464 1540 contineatur,

235 1607 350 1678 pauca.
379 1581 553 1655 dicamus.
588 1582 694 1654 Liber
718 1583 743 1665 Ι,
773 1606 857 1652 cum
886 1582 923 1652 in
948 1579 1012 1652 illo
1033 1578 1146 1676 elegia
1168 1583 1187 1651 6
1209 1579 1271 1674 (ad
1291 1577 1465 1672 Tullum)

238 1704 385 1802 legatur,
417 1720 500 1776 ante
531 1708 622 1798 727!
650 1726 667 1796 7
700 1728 776 1775 non
800 1702 992 1775 absolutus
1027 1718 1090 1774 est.
1124 1701 1198 1774 Cur
1226 1725 1312 1799 ergo
1342 1701 1399 1786 ΙΙ,
1422 1723 1462 1792 31

235 1826 460 1900 insecundo
488 1826 581 1899 libro
611 1804 847 1900 invenimus?
874 1827 997 1899 Unam
1030 1825 1137 1897 video
1171 1848 1326 1896 causam.
1363 1823 1467 1895 Liber

235 1951 386 2046 primuS,
414 1975 525 2046 quem
568 1967 663 2022 ante
686 1949 778 2034 alios
818 1966 853 2021 et
894 1951 1069 2045 scriptum
1097 1964 1132 2020 et
1174 1945 1313 2020 editum
1355 1948 1466 2019 fuisse

236 2088 378 2144 constat
408 2072 509 2167 (vide
538 2073 650 2166 infra)
676 2072 782 2144 unice
810 2072 1008 2142 amatorius
1034 2086 1098 2142 est.
1122 2069 1247 2167 Elegia
1272 2071 1312 2154 ΙΙ,
1344 2093 1399 2162 31,
1427 2070 1465 2141 in

237 2205 308 2290 qua
348 2210 495 2291 poetam
536 2196 696 2266 amicum
724 2218 996 2291 quemcumque
1021 2192 1077 2264 vel
1107 2193 1274 2275 amicam,
1299 2192 1360 2264 sed
1390 2217 1465 2265 non

237 2317 446 2411 Cynthiam‚
461 2315 601 2414 alloqui
619 2333 801 2413 putamus,
819 2332 902 2388 ante
918 2317 1219 2413 quinquennium
1233 2317 1303 2387 fuit
1318 2331 1466 2400 exarata,

238 2456 273 2512 et
301 2438 383 2511 ideo
421 2441 539 2536 primo
575 2439 676 2539 libro¹
693 2464 770 2518 non
811 2440 881 2511 fuit
914 2439 1058 2525 inserta,
1096 2435 1196 2533 quod
1232 2440 1347 2510 totius
1387 2437 1467 2510 libri

237 2563 354 2633 tenori
389 2585 516 2657 parum
551 2561 749 2657 quadraret.
782 2563 912 2633 Postea
949 2561 1047 2634 edito
1078 2562 1197 2655 primo
1240 2559 1344 2645 libr0,
1384 2585 1468 2633 cum

236 2685 445 2780 Propertius
469 2685 541 2755 iam
563 2685 686 2764 notior
711 2683 871 2780 Augusti
896 2684 987 2755 facta
1010 2681 1134 2778 aliquo
1157 2682 1270 2754 modo
1294 2682 1468 2754 celebrare

237 2807 443 2902 incepisset,
477 2805 639 2877 secundo
672 2804 765 2877 libro
798 2806 869 2877 fuit
902 2807 1046 2877 inserta.
1084 2803 1152 2877 Sed
1188 2803 1231 2876 ad
1265 2806 1469 2900 quinquen-

239 2930 344 3001 nium
378 2952 454 3000 non
487 2929 653 3023 pertinet.

285 3069 340 3138 De
369 3091 467 3138 anno
499 3066 646 3138 discidii
666 3064 873 3137 dicendum.
900 3063 1071 3137 Plessisio
1100 3066 1279 3136 assentior
1305 3064 1404 3136 hunc
1431 3066 1468 3136 in

238 3190 353 3262 finem
380 3191 488 3286 primi
521 3189 601 3261 libri
636 3190 757 3285 scripti
786 3161 918 3260 cadere.
951 3187 1047 3260 lllud
1071 3186 1142 3260 hoc
1167 3188 1261 3260 facto
1292 3189 1471 3260 evincitur

239 3312 338 3408 quod
367 3313 576 3410 Propertius
609 3311 664 3383 bis
693 3310 816 3383 solum
846 3310 889 3382 de
914 3311 1025 3408 longa
1045 3309 1471 3406 separationeloquitur,

239 3460 371 3533 nempe
397 3437 454 3522 ΙΙΙ,
486 3439 538 3521 16,
567 3459 587 3530 9
609 3436 687 3520 etl,
715 3458 742 3520 1,
765 3456 786 3529 7
807 3433 937 3506 iisdem
957 3432 1076 3505 verbis
1096 3435 1237 3528 (totum
1259 3435 1296 3504 in
1316 3458 1467 3518 annum,

239 3572 320 3630 toto
348 3557 603 3654 anno)..Cum
637 3558 755 3654 priore
781 3556 863 3629 loco
897 3556 941 3628 de
969 3554 1112 3628 discidii
1148 3581 1247 3629 anno
1281 3572 1373 3628 certe
1406 3556 1471 3628 fiat

241 3682 382 3752 mentio
406 3682 512 3776 (nam
536 3680 678 3752 discidii
704 3681 874 3752 notitiam
899 3678 985 3750 huic
1007 3678 1089 3751 loco
1116 3679 1322 3774 debemus),
1349 3678 1472 3751 admo·

240 3802 330 3874 dum
346 3801 541 3875 verisimile
558 3819 611 3875 est
627 3805 735 3876 etiam
753 3802 864 3875 altero
880 3801 923 3874 de
939 3801 1068 3874 eodem
1084 3800 1237 3875 discidio
1252 3804 1320 3900 agi.
1337 3802 1468 3874 Brand-

240 4049 408 4144 scriptam
440 4049 563 4135 fuisse,
599 4073 683 4120 cum
714 4048 874 4141 Cynthia
911 4064 1058 4142 poetam
1099 4047 1268 4120 nondum
1309 4049 1471 4120 novisset

236 4186 300 4242 aut
326 4196 402 4242 non
437 4170 653 4256 admisisset,
688 4171 732 4242 ad
762 4195 872 4267 quam
900 4171 1116 4265 opinionem
1147 4169 1470 4243 demonstrandam

239 4295 311 4365 tria¹
345 4293 447 4366 affert
485 4311 698 4391 argumenta
732 4321 738 4364 :
788 4295 960 4389 primum,
990 4291 1120 4365 collata
1161 4293 1275 4390 elegia
1314 4294 1370 4378 ΙΙΙ,
1412 4316 1469 4383 24,

239 4439 310 4510 qua
337 4433 454 4512 poetae
483 4441 585 4488 amor
611 4417 748 4502 finitur,
777 4432 880 4512 putat
909 4415 1023 4523 illam,
1052 4439 1133 4511 quae
1156 4417 1181 4501 Ι,
1207 4439 1220 4487 Ι
1248 4432 1469 4501 numeratur,
