3398 5468
710 616 905 693 --55-

196 806 252 875 19,
264 805 320 869 20,
335 806 390 868 21,
402 788 459 869 26,
476 808 532 875 29,
552 807 605 876 32,
626 808 639 876 3
650 808 680 876 3,
694 786 730 857 id
744 802 798 857 est
812 784 1024 880 quindecim
1041 784 1176 881 elegiae.
1193 787 1247 859 De
1262 784 1422 880 Cynthia

192 923 345 979 tractant
365 931 393 991 1,
416 930 447 990 2,
473 928 504 996 3,
521 930 553 998 4,
573 910 605 992 8,
627 930 679 999 43,
700 930 753 998 44,
775 929 827 1000 17,
846 930 903 998 24,
922 927 977 1002 23,
1001 911 1057 993 28,
1082 930 1138 999 3ο,
1162 931 1217 999 34,
1235 909 1270 981 id
1288 925 1342 981 est
1357 925 1422 982 tre·

192 1029 309 1102 decim
321 1031 460 1126 elegiae3
478 1031 578 1125 quod
594 1048 678 1103 octo
699 1047 735 1102 et
749 1031 880 1133 viginti
896 1029 1027 1126 elegias
1041 1030 1150 1102 efficit
1164 1029 1207 1102 ad
1222 1031 1420 1124 Cynthiam

181 1169 404 1248 spectantes.
426 1154 575 1227 Restant
597 1178 656 1225 sex
673 1152 815 1250 elegiae,
843 1151 1021 1248 equibus
1045 1152 1137 1238 duae,
1161 1175 1204 1224 22
1230 1170 1265 1225 et
1291 1176 1349 1246 23,
1378 1153 1421 1225 de

155 1349 157 1354 ⁴
190 1275 377 1368 Propertio
407 1274 493 1347 alias
520 1274 658 1370 puellas
684 1291 878 1370 quaerente,
907 1275 999 1360 duae,
1030 1297 1075 1368 27
1104 1292 1138 1346 et
1169 1297 1224 1360 12,
1251 1276 1295 1348 de
1314 1274 1421 1348 rebus

191 1399 375 1470 amatoriis
390 1397 548 1494 generali
561 1398 674 1470 modo
690 1414 851 1480 tractant,
869 1399 918 1469 ita
931 1414 1052 1470 tamen
1073 1414 1113 1470 ut
1133 1399 1169 1469 in
1185 1397 1242 1471 his
1264 1415 1421 1497 quatuor

191 1537 297 1615 poeta
317 1520 359 1591 ad
381 1545 485 1594 suam
507 1520 762 1593 condicionem
784 1538 818 1593 et
831 1520 874 1620 ad
895 1520 1055 1617 puellam
1074 1538 1231 1594 amatam
1246 1523 1419 1623 respiciat.

191 1642 241 1714 Ut
260 1644 385 1714 omnia
402 1642 631 1738 complectar,
649 1641 725 1714 duo
751 1660 785 1714 et
815 1644 962 1740 triginta
989 1645 1026 1714 in
1046 1643 1110 1715 illo
1130 1643 1222 1716 libro
1238 1644 1421 1717 amatoriae

192 1761 314 1860 elegiae
344 1765 482 1836 insunt.
519 1766 611 1837 Duae
641 1780 795 1849 tantum,
822 1765 896 1838 scil.
932 1789 975 1837 to
1004 1782 1038 1838 et
1070 1789 1123 1858 34,
1151 1791 1206 1839 res
1229 1766 1272 1839 ab
1300 1791 1421 1838 amore

191 1885 326 1958 alienas
354 1887 547 1963 inducunt.

239 2035 293 2106 De
332 2037 518 2107 amatoriis
554 2034 704 2108 secundi
738 2035 819 2108 libri
859 2034 1082 2107 carminibus
1122 2033 1252 2131 paulo.
1274 2034 1421 2108 uberius

191 2156 398 2242 dicendum,
414 2174 456 2229 ut
475 2182 602 2230 eorum
625 2182 746 2230 veram
768 2176 934 2230 naturam
961 2158 1176 2230 indicemus.
1201 2159 1419 2231 Persuasum

191 2279 308 2352 habeo
335 2297 479 2375 poetam
504 2305 544 2352 ea
568 2306 642 2352 non
665 2281 850 2353 moderata
875 2297 910 2353 et
936 2277 1166 2376 aliquatenus
1188 2279 1326 2377 placida
1348 2296 1421 2353 arte
1485 2318 1487 2321 ·

191 2406 454 2497 composuisse,
481 2428 563 2499 quae
587 2405 623 2474 in
646 2407 765 2500 primo
792 2403 884 2476 libro
909 2403 1151 2501 praevaluerat,
1181 2420 1216 2476 et
1238 2404 1421 2500 scriptoris
1479 2408 1481 2414 '

191 2526 341 2596 artificio
374 2550 552 2598 sensuum
587 2527 856 2618 vehementiam
887 2528 1080 2612 nocuisse3
1103 2525 1246 2611 deinde,
1273 2551 1358 2598 cum
1382 2527 1419 2598 in

193 2647 384 2720 nonnullis
400 2646 515 2719 laxam
538 2648 783 2744 solutamque,
801 2666 844 2720 ut
864 2648 1050 2745 putabant,
1066 2650 1231 2720 exeuntis
1246 2650 1421 2722 Romanae

191 2772 305 2862 aetatis
338 2773 563 2867 grammatici
590 2771 646 2844 vel
672 2773 835 2843 ineuntis
858 2772 968 2843 medii
992 2773 1059 2844 aeui
1079 2771 1211 2844 librarii
1241 2772 1420 2866 composi·

191 2894 342 2979 tionem,
371 2892 483 2967 simul
513 2911 547 2966 et
579 2896 839 2966 transitionum
864 2896 1053 2990 penuriam
1085 2895 1335 2990 repperissent.
1356 2918 1419 2966 eos

192 3015 299 3099 vitiis,
341 3017 495 3110 quaein
542 3017 666 3087 animo
694 3041 762 3086 suo
797 3015 1076 3111 amplificabant,
1113 3015 1269 3087 medelas
1296 2999 1419 3088 afferte

190 3137 374 3223 voluisse,
400 3138 484 3210 inde
510 3137 587 3211 haec
602 3140 685 3218 ¹iam
702 3163 764 3235 per
789 3163 825 3210 se
849 3164 924 3210 non
950 3140 998 3210 ita
1022 3138 1139 3210 facilia
1159 3139 1317 3210 carmina
1336 3137 1419 3233 plus
1493 3218 1496 3222 Α

186 3261 396 3333 ‘detrimenti
419 3238 530 3356 quam
545 3261 669 3333 auxilii
685 3263 873 3357 accepisse.
889 3263 983 3333 Nam
1001 3278 1093 3332 certe
1112 3260 1293 3335 nonnulla
1310 3285 1420 3333 nona

183 3401 295 3485 ¹poeta
309 3383 402 3458 hanc
419 3383 636 3457 horrendam
651 3385 808 3457 formam
826 3401 1046 3479 receperunt,
1064 3409 1136 3480 qua
1151 3382 1194 3456 ad
1212 3406 1281 3455 nos
1300 3407 1418 3479 perve-

192 3524 334 3579 nerunt.
356 3507 438 3579 Veri
455 3507 570 3603 igitur
590 3506 824 3579 simillimum
851 3523 905 3579 est
926 3531 1000 3579 non
1021 3508 1280 3580 transitionum
1306 3505 1418 3580 modo
1493 3515 1495 3520 ’

190 3631 383 3716 defectum,
415 3630 477 3702 sed
504 3654 649 3725 pravam
666 3650 816 3725 quoque
831 3631 1141 3726 compositionem
1158 3629 1287 3726 partim
1304 3645 1421 3724 poste·

190 3753 346 3825 rioribus
382 3752 552 3825 manibus
580 3751 723 3838 deberi;
753 3777 810 3824 eas
840 3777 925 3824 vero
952 3752 1237 3849 depravationes,
1268 3776 1349 3848 quae
1379 3777 1420 3824 ex

189 3901 362 3949 versuum
412 3875 777 3972 transpOsitionibuS,
827 3874 1084 3970 particularum
1132 3873 1417 3958 mutationibus,

190 3998 462 4084 resectionibus,
493 3996 823 4080 emendationibus,
862 4022 939 4069 uno
973 3997 1243 4069 verbo-omnis
1278 3999 1419 4093 generis

190 4119 536 4218 interpolationibus
559 4120 811 4204 constiterunt,
830 4120 1009 4215 inprimis
1026 4144 1067 4190 ex
1089 4120 1221 4190 incerta
1241 4136 1276 4191 et
1302 4117 1419 4191 desul-

191 4247 281 4316 toria
296 4261 412 4341 poetae
437 4245 474 4316 in
503 4242 574 4315 hoc
586 4241 679 4314 libro
699 4244 837 4314 ratione
858 4243 1039 4338 originem
1055 4241 1210 4328 duxisse,
1234 4266 1315 4337 quae
1342 4243 1418 4337 ipsa

93 4380 98 4385 ’
190 4369 452 4441 adallectuum
468 4365 681 4437 violentiam
708 4366 753 4436 sit
778 4364 978 4449 referenda3
1011 4366 1062 4435 sic
1089 4367 1160 4436 iam
1187 4365 1313 4460 primis
1335 4378 1418 4460 post

191 4492 380 4564 Christum
397 4506 533 4564 natum
546 4487 688 4594 saeculis
709 4503 894 4584 corruptas
918 4486 982 4559 has
1009 4485 1140 4584 elegias
1176 4487 1416 4581 corruptiores
