<?xml version="1.0" encoding="UTF-8"?>
<!DOCTYPE html PUBLIC "-//W3C//DTD XHTML 1.0 Transitional//EN"
    "http://www.w3.org/TR/xhtml1/DTD/xhtml1-transitional.dtd">
<html xmlns="http://www.w3.org/1999/xhtml" xml:lang="en" lang="en">
 <head>
  <title>
</title>
<meta http-equiv="Content-Type" content="text/html;charset=utf-8" />
  <meta name='ocr-system' content='tesseract 3.04.00' />
  <meta name='ocr-capabilities' content='ocr_page ocr_carea ocr_par ocr_line ocrx_word'/>
</head>
<body>
  <div class='ocr_page' id='page_1' title='image "./desexpropertiia00bonagoog_0043.png"; bbox 0 0 3398 5468; ppageno 0'>
   <div class='ocr_carea' id='block_1_1' title="bbox 751 631 944 701">
    <p class='ocr_par' dir='ltr' id='par_1_1' title="bbox 751 631 944 701">
     <span class='ocr_line' id='line_1_1' title="bbox 751 631 944 701; baseline 0 -38"><span class='ocrx_word' id='word_1_1' title='bbox 751 631 944 701; x_wconf 59' lang='lat'><strong>-30-</strong></span> 
     </span>
    </p>
   </div>
   <div class='ocr_carea' id='block_1_2' title="bbox 232 793 1466 1870">
    <p class='ocr_par' dir='ltr' id='par_1_2' title="bbox 232 793 1466 1870">
     <span class='ocr_line' id='line_1_2' title="bbox 282 793 1462 890; baseline 0.002 -23"><span class='ocrx_word' id='word_1_2' title='bbox 282 795 351 867; x_wconf 85' lang='lat' dir='ltr'>Sed</span> <span class='ocrx_word' id='word_1_3' title='bbox 403 796 538 867; x_wconf 80' lang='lat' dir='ltr'>Bittius</span> <span class='ocrx_word' id='word_1_4' title='bbox 580 793 672 890; x_wconf 88' lang='lat' dir='ltr'>(Das</span> <span class='ocrx_word' id='word_1_5' title='bbox 709 793 830 866; x_wconf 88' lang='lat' dir='ltr'>antike</span> <span class='ocrx_word' id='word_1_6' title='bbox 876 793 1120 880; x_wconf 86' lang='lat' dir='ltr'>Buchvvesen‚</span> <span class='ocrx_word' id='word_1_7' title='bbox 1168 795 1304 881; x_wconf 82' lang='lat' dir='ltr'>Berlin,</span> <span class='ocrx_word' id='word_1_8' title='bbox 1355 799 1462 882; x_wconf 87' lang='lat'>1882,</span> 
     </span>
     <span class='ocr_line' id='line_1_3' title="bbox 232 917 1464 1014; baseline 0.002 -26"><span class='ocrx_word' id='word_1_9' title='bbox 232 942 265 1013; x_wconf 94' lang='lat' dir='ltr'>p.</span> <span class='ocrx_word' id='word_1_10' title='bbox 292 918 504 1011; x_wconf 55' lang='lat' dir='ltr'>arm-426),</span> <span class='ocrx_word' id='word_1_11' title='bbox 542 917 770 989; x_wconf 87' lang='lat' dir='ltr'>considerato</span> <span class='ocrx_word' id='word_1_12' title='bbox 806 941 979 989; x_wconf 88' lang='lat' dir='ltr'>versuum</span> <span class='ocrx_word' id='word_1_13' title='bbox 1019 918 1056 989; x_wconf 94' lang='lat' dir='ltr'>in</span> <span class='ocrx_word' id='word_1_14' title='bbox 1105 942 1333 1014; x_wconf 92' lang='lat' dir='ltr'>unoquoque</span> <span class='ocrx_word' id='word_1_15' title='bbox 1370 917 1464 992; x_wconf 88' lang='lat' dir='ltr'>libro</span> 
     </span>
     <span class='ocr_line' id='line_1_4' title="bbox 235 1037 1464 1136; baseline 0.001 -25"><span class='ocrx_word' id='word_1_16' title='bbox 235 1063 400 1123; x_wconf 90' lang='lat' dir='ltr'>numer0,</span> <span class='ocrx_word' id='word_1_17' title='bbox 437 1054 472 1110; x_wconf 90' lang='lat' dir='ltr'>et</span> <span class='ocrx_word' id='word_1_18' title='bbox 517 1038 727 1110; x_wconf 89' lang='lat' dir='ltr'>observato·</span> <span class='ocrx_word' id='word_1_19' title='bbox 748 1037 956 1136; x_wconf 84' lang='lat' dir='ltr'>longiorem</span> <span class='ocrx_word' id='word_1_20' title='bbox 999 1064 1076 1112; x_wconf 89' lang='lat' dir='ltr'>esse</span> <span class='ocrx_word' id='word_1_21' title='bbox 1115 1040 1331 1125; x_wconf 88' lang='lat' dir='ltr'>secundum,</span> <span class='ocrx_word' id='word_1_22' title='bbox 1371 1040 1464 1112; x_wconf 92' lang='lat' dir='ltr'>mihi</span> 
     </span>
     <span class='ocr_line' id='line_1_5' title="bbox 236 1162 1465 1258; baseline 0.002 -25"><span class='ocrx_word' id='word_1_23' title='bbox 236 1162 385 1234; x_wconf 83' lang='lat' dir='ltr'>evicisse</span> <span class='ocrx_word' id='word_1_24' title='bbox 418 1162 562 1234; x_wconf 90' lang='lat' dir='ltr'>videtur</span> <span class='ocrx_word' id='word_1_25' title='bbox 593 1162 821 1257; x_wconf 87' lang='lat' dir='ltr'>Propertium</span> <span class='ocrx_word' id='word_1_26' title='bbox 851 1163 1025 1257; x_wconf 90' lang='lat' dir='ltr'>quinque,</span> <span class='ocrx_word' id='word_1_27' title='bbox 1055 1187 1131 1235; x_wconf 93' lang='lat' dir='ltr'>non</span> <span class='ocrx_word' id='word_1_28' title='bbox 1162 1179 1319 1258; x_wconf 89' lang='lat' dir='ltr'>quatuor</span> <span class='ocrx_word' id='word_1_29' title='bbox 1352 1162 1465 1235; x_wconf 89' lang='lat' dir='ltr'>libros</span> 
     </span>
     <span class='ocr_line' id='line_1_6' title="bbox 235 1283 1465 1379; baseline 0.002 -23"><span class='ocrx_word' id='word_1_30' title='bbox 235 1286 442 1369; x_wconf 82' lang='lat' dir='ltr'>exaravisse,</span> <span class='ocrx_word' id='word_1_31' title='bbox 471 1286 520 1357; x_wconf 86' lang='lat' dir='ltr'>ita</span> <span class='ocrx_word' id='word_1_32' title='bbox 548 1301 671 1356; x_wconf 90' lang='lat' dir='ltr'>tamen</span> <span class='ocrx_word' id='word_1_33' title='bbox 701 1300 752 1370; x_wconf 93' lang='lat' dir='ltr'>ut,</span> <span class='ocrx_word' id='word_1_34' title='bbox 784 1283 931 1356; x_wconf 86' lang='lat' dir='ltr'>excluso</span> <span class='ocrx_word' id='word_1_35' title='bbox 960 1286 1079 1379; x_wconf 91' lang='lat' dir='ltr'>primo</span> <span class='ocrx_word' id='word_1_36' title='bbox 1112 1287 1265 1357; x_wconf 90' lang='lat' dir='ltr'>nomine</span> <span class='ocrx_word' id='word_1_37' title='bbox 1293 1285 1465 1379; x_wconf 87' lang='lat' dir='ltr'>Cynthiae</span> 
     </span>
     <span class='ocr_line' id='line_1_7' title="bbox 234 1405 1466 1504; baseline 0.002 -28"><span class='ocrx_word' id='word_1_38' title='bbox 234 1408 408 1502; x_wconf 89' lang='lat' dir='ltr'>inscripto</span> <span class='ocrx_word' id='word_1_39' title='bbox 444 1405 681 1491; x_wconf 82' lang='lat' dir='ltr'>MonobibIO,</span> <span class='ocrx_word' id='word_1_40' title='bbox 718 1407 857 1502; x_wconf 93' lang='lat' dir='ltr'>primus</span> <span class='ocrx_word' id='word_1_41' title='bbox 898 1405 987 1478; x_wconf 91' lang='lat' dir='ltr'>liber</span> <span class='ocrx_word' id='word_1_42' title='bbox 1020 1407 1064 1479; x_wconf 95' lang='lat' dir='ltr'>ab</span> <span class='ocrx_word' id='word_1_43' title='bbox 1095 1406 1184 1504; x_wconf 90' lang='lat' dir='ltr'>eleg.</span> <span class='ocrx_word' id='word_1_44' title='bbox 1228 1409 1276 1494; x_wconf 93' lang='grc' dir='ltr'>ΙΙ,</span> <span class='ocrx_word' id='word_1_45' title='bbox 1325 1431 1339 1480; x_wconf 91' lang='lat'>1</span> <span class='ocrx_word' id='word_1_46' title='bbox 1380 1409 1466 1479; x_wconf 92' lang='lat' dir='ltr'>inci-</span> 
     </span>
     <span class='ocr_line' id='line_1_8' title="bbox 234 1528 1466 1624; baseline 0.001 -24"><span class='ocrx_word' id='word_1_47' title='bbox 234 1546 342 1624; x_wconf 85' lang='lat' dir='ltr'>peret,</span> <span class='ocrx_word' id='word_1_48' title='bbox 384 1545 419 1600; x_wconf 89' lang='lat' dir='ltr'>et</span> <span class='ocrx_word' id='word_1_49' title='bbox 459 1544 616 1624; x_wconf 93' lang='lat' dir='ltr'>quatuor</span> <span class='ocrx_word' id='word_1_50' title='bbox 655 1528 766 1600; x_wconf 92' lang='lat' dir='ltr'>libros</span> <span class='ocrx_word' id='word_1_51' title='bbox 805 1530 1000 1600; x_wconf 86' lang='lat' dir='ltr'>continens</span> <span class='ocrx_word' id='word_1_52' title='bbox 1043 1529 1210 1623; x_wconf 83' lang='lat' dir='ltr'>Syntaxis</span> <span class='ocrx_word' id='word_1_53' title='bbox 1250 1531 1300 1624; x_wconf 91' lang='lat' dir='ltr'>(ll</span> <span class='ocrx_word' id='word_1_54' title='bbox 1333 1531 1381 1601; x_wconf 99' lang='grc' dir='ltr'>ΙΙΙ</span> <span class='ocrx_word' id='word_1_55' title='bbox 1417 1531 1466 1601; x_wconf 91' lang='lat' dir='ltr'>IV</span> 
     </span>
     <span class='ocr_line' id='line_1_9' title="bbox 234 1650 1465 1748; baseline 0.002 -26"><span class='ocrx_word' id='word_1_56' title='bbox 234 1651 410 1748; x_wconf 75' lang='lat' dir='ltr'>vulgatae)</span> <span class='ocrx_word' id='word_1_57' title='bbox 445 1652 510 1723; x_wconf 94' lang='lat' dir='ltr'>uni</span> <span class='ocrx_word' id='word_1_58' title='bbox 536 1650 755 1723; x_wconf 91' lang='lat' dir='ltr'>Monobiblo</span> <span class='ocrx_word' id='word_1_59' title='bbox 784 1666 1040 1747; x_wconf 86' lang='lat' dir='ltr'>opponeretur,</span> <span class='ocrx_word' id='word_1_60' title='bbox 1070 1653 1108 1723; x_wconf 94' lang='lat' dir='ltr'>in</span> <span class='ocrx_word' id='word_1_61' title='bbox 1138 1652 1232 1724; x_wconf 92' lang='lat' dir='ltr'>duos</span> <span class='ocrx_word' id='word_1_62' title='bbox 1259 1651 1465 1724; x_wconf 90' lang='lat' dir='ltr'>secundum</span> 
     </span>
     <span class='ocr_line' id='line_1_10' title="bbox 235 1773 1465 1870; baseline 0.001 -25"><span class='ocrx_word' id='word_1_63' title='bbox 235 1773 568 1845; x_wconf 78' lang='lat' dir='ltr'>Lachmannianum</span> <span class='ocrx_word' id='word_1_64' title='bbox 597 1774 798 1845; x_wconf 82' lang='lat' dir='ltr'>doctrinam</span> <span class='ocrx_word' id='word_1_65' title='bbox 828 1773 946 1846; x_wconf 92' lang='lat' dir='ltr'>diviso</span> <span class='ocrx_word' id='word_1_66' title='bbox 976 1773 1132 1870; x_wconf 82' lang='lat' dir='ltr'>vulgatae</span> <span class='ocrx_word' id='word_1_67' title='bbox 1156 1774 1319 1847; x_wconf 86' lang='lat' dir='ltr'>secundo</span> <span class='ocrx_word' id='word_1_68' title='bbox 1348 1773 1465 1858; x_wconf 90' lang='lat' dir='ltr'>libro;</span> 
     </span>
    </p>
   </div>
   <div class='ocr_carea' id='block_1_3' title="bbox 35 1896 1466 1993">
    <p class='ocr_par' dir='ltr' id='par_1_3' title="bbox 35 1896 1466 1993">
     <span class='ocr_line' id='line_1_11' title="bbox 35 1896 1466 1993; baseline 0.001 -26"><span class='ocrx_word' id='word_1_69' title='bbox 35 1947 39 1956; x_wconf 82' lang='lat'><strong>·</strong></span> <span class='ocrx_word' id='word_1_70' title='bbox 137 1897 138 1902; x_wconf 70' lang='grc'>’</span> <span class='ocrx_word' id='word_1_71' title='bbox 235 1922 310 1992; x_wconf 94' lang='lat' dir='ltr'>quo</span> <span class='ocrx_word' id='word_1_72' title='bbox 346 1898 546 1969; x_wconf 87' lang='lat' dir='ltr'>efficeretur</span> <span class='ocrx_word' id='word_1_73' title='bbox 588 1913 623 1968; x_wconf 88' lang='lat' dir='ltr'>et</span> <span class='ocrx_word' id='word_1_74' title='bbox 662 1897 891 1993; x_wconf 84' lang='lat' dir='ltr'>Propertium</span> <span class='ocrx_word' id='word_1_75' title='bbox 930 1898 971 1978; x_wconf 88' lang='grc' dir='ltr'>ΙΙ,</span> <span class='ocrx_word' id='word_1_76' title='bbox 1014 1918 1052 1986; x_wconf 78' lang='lat'>13</span> <span class='ocrx_word' id='word_1_77' title='bbox 1100 1896 1144 1969; x_wconf 91' lang='lat' dir='ltr'>de</span> <span class='ocrx_word' id='word_1_78' title='bbox 1179 1897 1296 1970; x_wconf 88' lang='lat' dir='ltr'>tribus</span> <span class='ocrx_word' id='word_1_79' title='bbox 1332 1896 1466 1969; x_wconf 89' lang='lat' dir='ltr'>libellis</span> 
     </span>
    </p>
   </div>
   <div class='ocr_carea' id='block_1_4' title="bbox 193 2019 1474 4074">
    <p class='ocr_par' dir='ltr' id='par_1_4' title="bbox 193 2019 1474 4074">
     <span class='ocr_line' id='line_1_12' title="bbox 193 2019 1467 2115; baseline -0.003 -20"><span class='ocrx_word' id='word_1_80' title='bbox 193 2091 195 2095; x_wconf 74' lang='grc'><strong>,</strong></span> <span class='ocrx_word' id='word_1_81' title='bbox 235 2021 312 2092; x_wconf 91' lang='lat' dir='ltr'>iure</span> <span class='ocrx_word' id='word_1_82' title='bbox 341 2045 418 2092; x_wconf 89' lang='lat' dir='ltr'>esse</span> <span class='ocrx_word' id='word_1_83' title='bbox 453 2020 631 2104; x_wconf 89' lang='lat' dir='ltr'>locutum,</span> <span class='ocrx_word' id='word_1_84' title='bbox 666 2036 701 2091; x_wconf 90' lang='lat' dir='ltr'>et</span> <span class='ocrx_word' id='word_1_85' title='bbox 739 2044 867 2092; x_wconf 88' lang='lat' dir='ltr'>vocem</span> <span class='ocrx_word' id='word_1_86' title='bbox 908 2019 1084 2093; x_wconf 74' lang='lat' dir='ltr'>secundare</span> <span class='ocrx_word' id='word_1_87' title='bbox 1117 2021 1268 2115; x_wconf 89' lang='lat' dir='ltr'>(rectius</span> <span class='ocrx_word' id='word_1_88' title='bbox 1292 2019 1467 2114; x_wconf 80' lang='lat' dir='ltr'>secundat)</span> 
     </span>
     <span class='ocr_line' id='line_1_13' title="bbox 235 2141 1466 2240; baseline 0 -27"><span class='ocrx_word' id='word_1_89' title='bbox 235 2167 253 2213; x_wconf 92' lang='lat' dir='ltr'>a</span> <span class='ocrx_word' id='word_1_90' title='bbox 303 2143 429 2214; x_wconf 91' lang='lat' dir='ltr'>Nonio</span> <span class='ocrx_word' id='word_1_91' title='bbox 473 2144 512 2213; x_wconf 92' lang='lat' dir='ltr'>in</span> <span class='ocrx_word' id='word_1_92' title='bbox 556 2143 663 2214; x_wconf 88' lang='lat' dir='ltr'>tertio</span> <span class='ocrx_word' id='word_1_93' title='bbox 709 2141 809 2214; x_wconf 92' lang='lat' dir='ltr'>libro</span> <span class='ocrx_word' id='word_1_94' title='bbox 839 2141 911 2239; x_wconf 89' lang='lat' dir='ltr'>legi</span> <span class='ocrx_word' id='word_1_95' title='bbox 953 2143 1128 2240; x_wconf 90' lang='lat' dir='ltr'>potuisse.</span> <span class='ocrx_word' id='word_1_96' title='bbox 1170 2144 1266 2224; x_wconf 86' lang='lat' dir='ltr'>Quae</span> <span class='ocrx_word' id='word_1_97' title='bbox 1306 2158 1466 2214; x_wconf 89' lang='lat' dir='ltr'>ceterum</span> 
     </span>
     <span class='ocr_line' id='line_1_14' title="bbox 234 2264 1468 2363; baseline -0.001 -26"><span class='ocrx_word' id='word_1_98' title='bbox 234 2267 379 2351; x_wconf 90' lang='lat' dir='ltr'>Birtius‚</span> <span class='ocrx_word' id='word_1_99' title='bbox 418 2264 696 2337; x_wconf 85' lang='lat' dir='ltr'>Lachmannum</span> <span class='ocrx_word' id='word_1_100' title='bbox 737 2281 894 2353; x_wconf 85' lang='lat' dir='ltr'>secutus,</span> <span class='ocrx_word' id='word_1_101' title='bbox 927 2264 971 2336; x_wconf 93' lang='lat' dir='ltr'>de</span> <span class='ocrx_word' id='word_1_102' title='bbox 1004 2264 1084 2362; x_wconf 91' lang='lat' dir='ltr'>eleg</span> <span class='ocrx_word' id='word_1_103' title='bbox 1127 2265 1169 2350; x_wconf 89' lang='grc' dir='ltr'>ΙΙ,</span> <span class='ocrx_word' id='word_1_104' title='bbox 1203 2287 1246 2337; x_wconf 89' lang='lat'>10</span> <span class='ocrx_word' id='word_1_105' title='bbox 1279 2267 1334 2363; x_wconf 92' lang='lat' dir='ltr'>(p.</span> <span class='ocrx_word' id='word_1_106' title='bbox 1376 2266 1468 2358; x_wconf 86' lang='lat'>419)</span> 
     </span>
     <span class='ocr_line' id='line_1_15' title="bbox 235 2385 1467 2484; baseline -0.002 -24"><span class='ocrx_word' id='word_1_107' title='bbox 235 2388 332 2473; x_wconf 91' lang='lat' dir='ltr'>dicit,</span> <span class='ocrx_word' id='word_1_108' title='bbox 372 2412 504 2483; x_wconf 89' lang='lat' dir='ltr'>nempe</span> <span class='ocrx_word' id='word_1_109' title='bbox 542 2412 621 2459; x_wconf 88' lang='lat' dir='ltr'>eam</span> <span class='ocrx_word' id='word_1_110' title='bbox 664 2387 830 2484; x_wconf 85' lang='lat' dir='ltr'>elegiam</span> <span class='ocrx_word' id='word_1_111' title='bbox 855 2385 941 2458; x_wconf 88' lang='lat' dir='ltr'>alibi</span> <span class='ocrx_word' id='word_1_112' title='bbox 984 2411 1095 2482; x_wconf 92' lang='lat' dir='ltr'>quam</span> <span class='ocrx_word' id='word_1_113' title='bbox 1141 2388 1179 2458; x_wconf 93' lang='lat' dir='ltr'>in</span> <span class='ocrx_word' id='word_1_114' title='bbox 1224 2388 1340 2483; x_wconf 85' lang='lat' dir='ltr'>capite</span> <span class='ocrx_word' id='word_1_115' title='bbox 1385 2386 1467 2458; x_wconf 92' lang='lat' dir='ltr'>libri</span> 
     </span>
     <span class='ocr_line' id='line_1_16' title="bbox 235 2508 1468 2608; baseline -0.001 -25"><span class='ocrx_word' id='word_1_116' title='bbox 235 2511 427 2608; x_wconf 86' lang='lat' dir='ltr'>(Augusto</span> <span class='ocrx_word' id='word_1_117' title='bbox 478 2509 652 2606; x_wconf 88' lang='lat' dir='ltr'>dedicati)</span> <span class='ocrx_word' id='word_1_118' title='bbox 698 2511 787 2606; x_wconf 92' lang='lat' dir='ltr'>poni</span> <span class='ocrx_word' id='word_1_119' title='bbox 840 2534 916 2582; x_wconf 92' lang='lat' dir='ltr'>non</span> <span class='ocrx_word' id='word_1_120' title='bbox 959 2512 1133 2606; x_wconf 89' lang='lat' dir='ltr'>potuisse,</span> <span class='ocrx_word' id='word_1_121' title='bbox 1188 2535 1264 2582; x_wconf 91' lang='lat' dir='ltr'>non</span> <span class='ocrx_word' id='word_1_122' title='bbox 1317 2508 1468 2607; x_wconf 88' lang='lat' dir='ltr'>probare</span> 
     </span>
     <span class='ocr_line' id='line_1_17' title="bbox 237 2631 1468 2730; baseline -0.002 -24"><span class='ocrx_word' id='word_1_123' title='bbox 237 2658 401 2730; x_wconf 92' lang='lat' dir='ltr'>possum,</span> <span class='ocrx_word' id='word_1_124' title='bbox 439 2648 474 2704; x_wconf 93' lang='lat' dir='ltr'>et</span> <span class='ocrx_word' id='word_1_125' title='bbox 509 2634 643 2730; x_wconf 91' lang='lat' dir='ltr'>opinor</span> <span class='ocrx_word' id='word_1_126' title='bbox 683 2631 818 2704; x_wconf 93' lang='lat' dir='ltr'>librum</span> <span class='ocrx_word' id='word_1_127' title='bbox 854 2633 892 2703; x_wconf 88' lang='lat' dir='ltr'>in</span> <span class='ocrx_word' id='word_1_128' title='bbox 925 2634 1139 2705; x_wconf 90' lang='lat' dir='ltr'>universum</span> <span class='ocrx_word' id='word_1_129' title='bbox 1176 2633 1396 2705; x_wconf 91' lang='lat' dir='ltr'>amatorium</span> <span class='ocrx_word' id='word_1_130' title='bbox 1423 2631 1468 2703; x_wconf 87' lang='lat' dir='ltr'>ab</span> 
     </span>
     <span class='ocr_line' id='line_1_18' title="bbox 236 2753 1468 2852; baseline -0.002 -24"><span class='ocrx_word' id='word_1_131' title='bbox 236 2754 350 2852; x_wconf 89' lang='lat' dir='ltr'>elegia</span> <span class='ocrx_word' id='word_1_132' title='bbox 383 2756 429 2841; x_wconf 91' lang='lat' dir='ltr'>ll,</span> <span class='ocrx_word' id='word_1_133' title='bbox 462 2777 502 2825; x_wconf 92' lang='lat'>12</span> <span class='ocrx_word' id='word_1_134' title='bbox 531 2755 705 2826; x_wconf 89' lang='lat' dir='ltr'>amatoria</span> <span class='ocrx_word' id='word_1_135' title='bbox 731 2755 898 2852; x_wconf 85' lang='lat' dir='ltr'>incipere.</span> <span class='ocrx_word' id='word_1_136' title='bbox 925 2755 1001 2825; x_wconf 89' lang='lat' dir='ltr'>lam</span> <span class='ocrx_word' id='word_1_137' title='bbox 1035 2755 1073 2825; x_wconf 91' lang='lat' dir='ltr'>in</span> <span class='ocrx_word' id='word_1_138' title='bbox 1102 2755 1261 2826; x_wconf 90' lang='lat' dir='ltr'>Birtiana</span> <span class='ocrx_word' id='word_1_139' title='bbox 1292 2753 1468 2839; x_wconf 87' lang='lat' dir='ltr'>doctrina,</span> 
     </span>
     <span class='ocr_line' id='line_1_19' title="bbox 238 2875 1468 2974; baseline -0.002 -24"><span class='ocrx_word' id='word_1_140' title='bbox 238 2902 319 2974; x_wconf 91' lang='lat' dir='ltr'>quae</span> <span class='ocrx_word' id='word_1_141' title='bbox 350 2901 525 2950; x_wconf 89' lang='lat' dir='ltr'>versuum</span> <span class='ocrx_word' id='word_1_142' title='bbox 559 2901 715 2949; x_wconf 90' lang='lat' dir='ltr'>numero</span> <span class='ocrx_word' id='word_1_143' title='bbox 747 2878 886 2973; x_wconf 81' lang='lat' dir='ltr'>nititur,</span> <span class='ocrx_word' id='word_1_144' title='bbox 928 2878 1089 2973; x_wconf 92' lang='lat' dir='ltr'>primum</span> <span class='ocrx_word' id='word_1_145' title='bbox 1124 2875 1259 2949; x_wconf 92' lang='lat' dir='ltr'>librum</span> <span class='ocrx_word' id='word_1_146' title='bbox 1297 2876 1468 2972; x_wconf 90' lang='lat' dir='ltr'>(secundi</span> 
     </span>
     <span class='ocr_line' id='line_1_20' title="bbox 237 2999 1470 3099; baseline 0 -27"><span class='ocrx_word' id='word_1_147' title='bbox 237 3000 394 3098; x_wconf 86' lang='lat' dir='ltr'>vulgatae</span> <span class='ocrx_word' id='word_1_148' title='bbox 433 3016 569 3096; x_wconf 90' lang='lat' dir='ltr'>partem</span> <span class='ocrx_word' id='word_1_149' title='bbox 613 3001 791 3096; x_wconf 88' lang='lat' dir='ltr'>priorem)</span> <span class='ocrx_word' id='word_1_150' title='bbox 832 2999 942 3099; x_wconf 91' lang='lat' dir='ltr'>longe</span> <span class='ocrx_word' id='word_1_151' title='bbox 983 2999 1169 3073; x_wconf 88' lang='lat' dir='ltr'>exiliorem</span> <span class='ocrx_word' id='word_1_152' title='bbox 1212 2999 1335 3072; x_wconf 86' lang='lat' dir='ltr'>iudico</span> <span class='ocrx_word' id='word_1_153' title='bbox 1377 3001 1470 3095; x_wconf 80' lang='lat'>(354</span> 
     </span>
     <span class='ocr_line' id='line_1_21' title="bbox 237 3120 1470 3218; baseline 0 -24"><span class='ocrx_word' id='word_1_154' title='bbox 237 3125 332 3218; x_wconf 85' lang='lat' dir='ltr'>vv),</span> <span class='ocrx_word' id='word_1_155' title='bbox 359 3148 444 3203; x_wconf 89' lang='lat' dir='ltr'>cum</span> <span class='ocrx_word' id='word_1_156' title='bbox 482 3120 666 3194; x_wconf 87' lang='lat' dir='ltr'>secundus</span> <span class='ocrx_word' id='word_1_157' title='bbox 692 3120 787 3218; x_wconf 92' lang='lat' dir='ltr'>apud</span> <span class='ocrx_word' id='word_1_158' title='bbox 816 3146 900 3194; x_wconf 91' lang='lat' dir='ltr'>eum</span> <span class='ocrx_word' id='word_1_159' title='bbox 940 3127 1030 3195; x_wconf 89' lang='lat'>1008</span> <span class='ocrx_word' id='word_1_160' title='bbox 1064 3148 1121 3194; x_wconf 92' lang='lat' dir='ltr'>vv.</span> <span class='ocrx_word' id='word_1_161' title='bbox 1157 3122 1306 3209; x_wconf 88' lang='lat' dir='ltr'>habeat,</span> <span class='ocrx_word' id='word_1_162' title='bbox 1341 3124 1470 3195; x_wconf 89' lang='lat' dir='ltr'>tertius</span> 
     </span>
     <span class='ocr_line' id='line_1_22' title="bbox 241 3244 1470 3351; baseline 0 -35"><span class='ocrx_word' id='word_1_163' title='bbox 241 3266 323 3336; x_wconf 89' lang='lat'>990,</span> <span class='ocrx_word' id='word_1_164' title='bbox 346 3261 496 3351; x_wconf 88' lang='lat' dir='ltr'>quartus</span> <span class='ocrx_word' id='word_1_165' title='bbox 524 3258 605 3336; x_wconf 81' lang='lat'><strong>954.</strong></span> <span class='ocrx_word' id='word_1_166' title='bbox 632 3245 687 3317; x_wconf 90' lang='lat' dir='ltr'>Ne</span> <span class='ocrx_word' id='word_1_167' title='bbox 712 3245 824 3341; x_wconf 91' lang='lat' dir='ltr'>igitur</span> <span class='ocrx_word' id='word_1_168' title='bbox 848 3244 1065 3339; x_wconf 86' lang='lat' dir='ltr'>Charybdin</span> <span class='ocrx_word' id='word_1_169' title='bbox 1081 3245 1238 3341; x_wconf 86' lang='lat' dir='ltr'>(scilicet</span> <span class='ocrx_word' id='word_1_170' title='bbox 1261 3244 1470 3342; x_wconf 89' lang='lat' dir='ltr'>longiorem</span> 
     </span>
     <span class='ocr_line' id='line_1_23' title="bbox 240 3366 1471 3464; baseline 0 -25"><span class='ocrx_word' id='word_1_171' title='bbox 240 3368 394 3462; x_wconf 85' lang='lat' dir='ltr'>librum)</span> <span class='ocrx_word' id='word_1_172' title='bbox 434 3369 591 3440; x_wconf 88' lang='lat' dir='ltr'>vitantes</span> <span class='ocrx_word' id='word_1_173' title='bbox 628 3368 666 3441; x_wconf 94' lang='lat' dir='ltr'>in</span> <span class='ocrx_word' id='word_1_174' title='bbox 711 3366 837 3461; x_wconf 88' lang='lat' dir='ltr'>Scyllae</span> <span class='ocrx_word' id='word_1_175' title='bbox 870 3368 992 3441; x_wconf 84' lang='lat' dir='ltr'>fauces</span> <span class='ocrx_word' id='word_1_176' title='bbox 1024 3367 1278 3454; x_wconf 60' lang='lat' dir='ltr'>deveniamus</span> <span class='ocrx_word' id='word_1_177' title='bbox 1308 3369 1471 3464; x_wconf 91' lang='lat' dir='ltr'>primum</span> 
     </span>
     <span class='ocr_line' id='line_1_24' title="bbox 240 3489 1472 3593; baseline 0 -31"><span class='ocrx_word' id='word_1_178' title='bbox 240 3491 580 3593; x_wconf 89' lang='lat' dir='ltr'>Lachmannianum</span> <span class='ocrx_word' id='word_1_179' title='bbox 625 3489 760 3563; x_wconf 93' lang='lat' dir='ltr'>librum</span> <span class='ocrx_word' id='word_1_180' title='bbox 808 3489 950 3562; x_wconf 87' lang='lat' dir='ltr'>duabus</span> <span class='ocrx_word' id='word_1_181' title='bbox 997 3489 1133 3588; x_wconf 69' lang='lat' dir='ltr'>elegiis</span> <span class='ocrx_word' id='word_1_182' title='bbox 1170 3508 1262 3564; x_wconf 88' lang='lat' dir='ltr'>certe</span> <span class='ocrx_word' id='word_1_183' title='bbox 1300 3516 1376 3562; x_wconf 93' lang='lat' dir='ltr'>non</span> <span class='ocrx_word' id='word_1_184' title='bbox 1422 3493 1472 3562; x_wconf 91' lang='lat' dir='ltr'>ita</span> 
     </span>
     <span class='ocr_line' id='line_1_25' title="bbox 241 3611 1473 3710; baseline 0 -26"><span class='ocrx_word' id='word_1_185' title='bbox 241 3613 362 3709; x_wconf 93' lang='lat' dir='ltr'>longis</span> <span class='ocrx_word' id='word_1_186' title='bbox 389 3616 452 3708; x_wconf 80' lang='lat'>(32</span> <span class='ocrx_word' id='word_1_187' title='bbox 486 3615 575 3707; x_wconf 80' lang='lat' dir='ltr'>vv),</span> <span class='ocrx_word' id='word_1_188' title='bbox 603 3611 812 3697; x_wconf 89' lang='lat' dir='ltr'>ditabimus,</span> <span class='ocrx_word' id='word_1_189' title='bbox 844 3613 914 3685; x_wconf 88' lang='lat' dir='ltr'>hoc</span> <span class='ocrx_word' id='word_1_190' title='bbox 945 3613 1129 3700; x_wconf 83' lang='lat' dir='ltr'>addentes.</span> <span class='ocrx_word' id='word_1_191' title='bbox 1151 3612 1250 3710; x_wconf 89' lang='lat' dir='ltr'>quod</span> <span class='ocrx_word' id='word_1_192' title='bbox 1276 3613 1473 3685; x_wconf 89' lang='lat' dir='ltr'>Lachman-</span> 
     </span>
     <span class='ocr_line' id='line_1_26' title="bbox 242 3733 1472 3831; baseline 0.001 -25"><span class='ocrx_word' id='word_1_193' title='bbox 242 3759 312 3807; x_wconf 94' lang='lat' dir='ltr'>nus</span> <span class='ocrx_word' id='word_1_194' title='bbox 356 3737 428 3807; x_wconf 92' lang='lat' dir='ltr'>iam</span> <span class='ocrx_word' id='word_1_195' title='bbox 471 3752 576 3807; x_wconf 87' lang='lat' dir='ltr'>antea</span> <span class='ocrx_word' id='word_1_196' title='bbox 619 3734 766 3819; x_wconf 90' lang='lat' dir='ltr'>viderat,</span> <span class='ocrx_word' id='word_1_197' title='bbox 813 3733 952 3830; x_wconf 87' lang='lat' dir='ltr'>aliquas</span> <span class='ocrx_word' id='word_1_198' title='bbox 990 3737 1119 3831; x_wconf 91' lang='lat' dir='ltr'>prioris</span> <span class='ocrx_word' id='word_1_199' title='bbox 1169 3737 1279 3831; x_wconf 88' lang='lat' dir='ltr'>partis</span> <span class='ocrx_word' id='word_1_200' title='bbox 1320 3735 1472 3808; x_wconf 86' lang='lat' dir='ltr'>secundi</span> 
     </span>
     <span class='ocr_line' id='line_1_27' title="bbox 242 3855 1474 3953; baseline 0.002 -26"><span class='ocrx_word' id='word_1_201' title='bbox 242 3855 323 3928; x_wconf 90' lang='lat' dir='ltr'>libri</span> <span class='ocrx_word' id='word_1_202' title='bbox 351 3855 483 3953; x_wconf 88' lang='lat' dir='ltr'>elegias</span> <span class='ocrx_word' id='word_1_203' title='bbox 513 3856 562 3929; x_wconf 95' lang='lat' dir='ltr'>ob</span> <span class='ocrx_word' id='word_1_204' title='bbox 591 3880 688 3942; x_wconf 89' lang='lat' dir='ltr'>eum,</span> <span class='ocrx_word' id='word_1_205' title='bbox 723 3856 767 3928; x_wconf 90' lang='lat' dir='ltr'>de</span> <span class='ocrx_word' id='word_1_206' title='bbox 797 3881 872 3952; x_wconf 94' lang='lat' dir='ltr'>quo</span> <span class='ocrx_word' id='word_1_207' title='bbox 906 3856 1078 3942; x_wconf 82' lang='lat' dir='ltr'>diximus,</span> <span class='ocrx_word' id='word_1_208' title='bbox 1099 3857 1292 3953; x_wconf 54' lang='lat' dir='ltr'>¹archetypi</span> <span class='ocrx_word' id='word_1_209' title='bbox 1323 3857 1474 3929; x_wconf 80' lang='lat' dir='ltr'>deterio</span> 
     </span>
     <span class='ocr_line' id='line_1_28' title="bbox 243 3978 1092 4074; baseline -0.001 -24"><span class='ocrx_word' id='word_1_210' title='bbox 243 4003 318 4050; x_wconf 89' lang='lat' dir='ltr'>rem</span> <span class='ocrx_word' id='word_1_211' title='bbox 339 3995 475 4050; x_wconf 87' lang='lat' dir='ltr'>statum</span> <span class='ocrx_word' id='word_1_212' title='bbox 496 3978 655 4074; x_wconf 89' lang='lat' dir='ltr'>deperire</span> <span class='ocrx_word' id='word_1_213' title='bbox 674 3979 839 4074; x_wconf 90' lang='lat' dir='ltr'>potuisse</span> <span class='ocrx_word' id='word_1_214' title='bbox 856 3979 920 4072; x_wconf 91' lang='lat'>().</span> <span class='ocrx_word' id='word_1_215' title='bbox 985 4067 988 4071; x_wconf 13' lang='lat'>⁸</span> <span class='ocrx_word' id='word_1_216' title='bbox 1090 4067 1092 4070; x_wconf 8' lang='lat' dir='ltr'>y</span> 
     </span>
    </p>
   </div>
   <div class='ocr_carea' id='block_1_5' title="bbox 244 4339 1476 4575">
    <p class='ocr_par' dir='ltr' id='par_1_5' title="bbox 244 4339 1476 4575">
     <span class='ocr_line' id='line_1_29' title="bbox 277 4339 1476 4413; baseline 0.002 -19"><span class='ocrx_word' id='word_1_217' title='bbox 277 4344 320 4413; x_wconf 93' lang='lat'>(1)</span> <span class='ocrx_word' id='word_1_218' title='bbox 341 4343 406 4396; x_wconf 89' lang='lat' dir='ltr'>Haec</span> <span class='ocrx_word' id='word_1_219' title='bbox 420 4341 507 4413; x_wconf 85' lang='lat' dir='ltr'>aliqua</span> <span class='ocrx_word' id='word_1_220' title='bbox 522 4353 640 4412; x_wconf 82' lang='lat' dir='ltr'>exparte</span> <span class='ocrx_word' id='word_1_221' title='bbox 654 4340 778 4395; x_wconf 90' lang='lat' dir='ltr'>Plessisio</span> <span class='ocrx_word' id='word_1_222' title='bbox 793 4340 889 4408; x_wconf 83' lang='lat' dir='ltr'>debeo,</span> <span class='ocrx_word' id='word_1_223' title='bbox 905 4341 950 4412; x_wconf 92' lang='lat' dir='ltr'>qui</span> <span class='ocrx_word' id='word_1_224' title='bbox 964 4358 1007 4393; x_wconf 90' lang='lat' dir='ltr'>me</span> <span class='ocrx_word' id='word_1_225' title='bbox 1022 4340 1154 4395; x_wconf 88' lang='lat' dir='ltr'>benevolo</span> <span class='ocrx_word' id='word_1_226' title='bbox 1169 4342 1260 4394; x_wconf 88' lang='lat' dir='ltr'>animo</span> <span class='ocrx_word' id='word_1_227' title='bbox 1274 4358 1321 4412; x_wconf 89' lang='lat' dir='ltr'>per</span> <span class='ocrx_word' id='word_1_228' title='bbox 1334 4339 1476 4411; x_wconf 85' lang='lat' dir='ltr'>epistulam</span> 
     </span>
     <span class='ocr_line' id='line_1_30' title="bbox 244 4427 1475 4501; baseline -0.002 -15"><span class='ocrx_word' id='word_1_229' title='bbox 244 4432 383 4486; x_wconf 87' lang='lat' dir='ltr'>certiorem</span> <span class='ocrx_word' id='word_1_230' title='bbox 396 4429 471 4495; x_wconf 87' lang='lat' dir='ltr'>fecit,</span> <span class='ocrx_word' id='word_1_231' title='bbox 489 4447 516 4483; x_wconf 90' lang='lat' dir='ltr'>se</span> <span class='ocrx_word' id='word_1_232' title='bbox 536 4431 659 4501; x_wconf 83' lang='lat' dir='ltr'>praesenti</span> <span class='ocrx_word' id='word_1_233' title='bbox 679 4443 798 4500; x_wconf 83' lang='lat' dir='ltr'>tempore</span> <span class='ocrx_word' id='word_1_234' title='bbox 817 4429 893 4483; x_wconf 88' lang='lat' dir='ltr'>aliter</span> <span class='ocrx_word' id='word_1_235' title='bbox 911 4446 941 4482; x_wconf 87' lang='lat' dir='ltr'>ac</span> <span class='ocrx_word' id='word_1_236' title='bbox 960 4429 1040 4500; x_wconf 91' lang='lat' dir='ltr'>priori</span> <span class='ocrx_word' id='word_1_237' title='bbox 1060 4429 1093 4483; x_wconf 90' lang='lat' dir='ltr'>de</span> <span class='ocrx_word' id='word_1_238' title='bbox 1114 4429 1332 4483; x_wconf 87' lang='lat' dir='ltr'>Lachmanniana</span> <span class='ocrx_word' id='word_1_239' title='bbox 1344 4427 1475 4484; x_wconf 90' lang='lat' dir='ltr'>divisione</span> 
     </span>
     <span class='ocr_line' id='line_1_31' title="bbox 246 4523 351 4575; baseline -0.01 0"><span class='ocrx_word' id='word_1_240' title='bbox 246 4523 351 4575; x_wconf 87' lang='lat' dir='ltr'>sentire.</span> 
     </span>
    </p>
   </div>
   <div class='ocr_carea' id='block_1_6' title="bbox 0 0 1717 5468">
    <p class='ocr_par' dir='ltr' id='par_1_6' title="bbox 0 0 1717 5468">
     <span class='ocr_line' id='line_1_32' title="bbox 0 0 1717 5468; baseline 0 0"><span class='ocrx_word' id='word_1_241' title='bbox 0 0 1717 5468; x_wconf 95' lang='lat' dir='ltr'> </span> 
     </span>
    </p>
   </div>
  </div>
 </body>
</html>
