3398 5468
762 577 955 668 ...53-

242 776 306 846 est,
321 759 365 833 ab
379 759 493 858 elegia
512 783 554 832 12
572 761 711 856 incipit,
724 777 759 834 et
771 780 932 835 accurate
946 764 1086 859 scripta,
1098 739 1136 836 ¹et
1150 780 1334 850 maestum,
1347 764 1474 862 aliquo

241 898 363 956 tamen
385 884 498 956 modo
525 883 709 979 placidum
735 886 850 956 animi
877 901 1012 957 statum
1040 887 1275 982 exprimente,
1296 888 1359 983 qui
1388 913 1473 961 cum

241 1007 409 1079 extremis
423 1008 517 1079 tertii
532 1005 612 1078 libri
624 1006 909 1080 Lachmanniani
921 1006 1046 1105 elegiis
1060 1008 1211 1104 quadrat
1223 1011 1331 1104 (nam
1347 1010 1472 1108 elegiae

241 1129 278 1199 in
307 1130 419 1225 capite
446 1127 527 1201 libri
559 1128 749 1204 cuiusdam
777 1131 905 1224 positae
934 1128 1030 1201 haud
1063 1154 1141 1202 raro
1173 1133 1268 1205 inter
1296 1148 1473 1205 extremas

242 1254 455 1348 compositae
468 1254 584 1347 sunt).
1261 1255 1267 1263 ’

288 1393 363 1464 lam
380 1418 398 1465 e
414 1392 576 1466 secundo
590 1393 793 1490 procelloso
813 1410 848 1466 et
863 1393 1023 1488 Cynthia
1038 1393 1148 1491 pleno
1160 1393 1253 1466 libro
1268 1395 1310 1467 ad
1323 1396 1472 1468 tertium
1578 1411 1581 1414 ’

240 1515 421 1600 venimus,
459 1515 521 1587 ubi
549 1533 584 1588 et
615 1541 718 1589 amor
751 1518 935 1589 remissior
975 1532 1039 1601 est,
1073 1534 1108 1589 et
1139 1516 1312 1610 Cynthiae
1345 1520 1471 1591 minus

240 1639 398 1732 spatium
420 1639 633 1735 assignatur.
656 1641 750 1711 Nam
775 1663 859 1710 cum
887 1638 1007 1735 plures
1032 1639 1155 1736 elegiae
1182 1665 1257 1711 non
1285 1640 1470 1714 amatoriae

240 1761 377 1846 insunt,
399 1777 480 1833 tum
500 1764 673 1835 amatoria
690 1763 857 1847 carmina,
874 1786 956 1858 quac
976 1764 1146 1858 pauciora
1161 1785 1272 1858 quam
1289 1764 1327 1834 in
1344 1787 1472 1858 praece-

239 1881 412 1956 dentibus
428 1883 527 1956 libris
545 1901 751 1968 occurrunt,
767 1884 863 1958 haud
878 1908 955 1957 raro
977 1901 1143 1981 praeterea
1171 1885 1278 1981 plane
1306 1884 1470 1958 differen-

239 2021 314 2077 tem
336 2024 501 2109 naturam
518 2007 689 2102 praebent.
715 2007 829 2090 Quod
857 2006 922 2079 tibi
949 2009 1071 2079 statim
1100 2032 1137 2079 se
1162 2009 1299 2093 offeret,
1323 1993 1467 2081 si'tertii

239 2129 319 2204 libri
340 2131 563 2226 prooemium
579 2154 662 2202 curn
678 2131 784 2226 primi
800 2146 835 2202 et
849 2131 999 2203 secundi
1017 2109 1097 2203 libri
1117 2132 1308 2228 prooemiis
1327 2155 1471 2229 compa-

238 2255 378 2325 raveris.
406 2254 553 2347 Etenim
587 2277 670 2324 cum
700 2254 732 2337 l,
765 2277 778 2325 1
809 2253 1017 2349 Propertius
1049 2252 1091 2324 de
1123 2278 1186 2325 sua
1217 2253 1469 2350 desperatione

237 2392 381 2450 tantum
395 2375 585 2471 loquatur3
607 2376 648 2459 II,
676 2398 688 2446 1
710 2400 866 2471 quaeque
882 2375 1043 2469 Cynthia
1064 2376 1186 2448 fecerit
1212 2401 1286 2450 suae
1311 2401 1466 2473 poeseos

237 2498 336 2570 solos
349 2499 470 2570 fontes
480 2523 556 2570 esse
573 2500 794 2593 profiteatur,
808 2514 848 2571 ut
864 2499 901 2570 in
918 2500 1043 2570 animo
1056 2499 1134 2572 eius
1147 2501 1338 2592 tyrannico
1349 2500 1465 2573 modo

235 2621 414 2693 dominari
442 2623 596 2713 amicam
619 2620 699 2693 luce
722 2620 851 2693 clarius
865 2620 1074 2706 videamus;
1101 2623 1205 2717 (cum
1226 2638 1394 2718 praeterea
1420 2624 1465 2722 ΙΙ,

239 2768 293 2827 12,
320 2769 430 2841 quam
456 2744 608 2840 elegiam
635 2716 784 2816 forsitan
824 2723 922 2816 novo
962 2742 1054 2817 libro
1080 2747 1313 2841 praepositam
1351 2746 1465 2819 fuisse

235 2866 405 2951 diximus,
431 2866 474 2939 ab
494 2867 630 2939 Amore
651 2867 687 2938 in
711 2869 922 2940 universum
946 2867 1047 2962 loqui
1069 2892 1174 2940 orsus
1198 2892 1284 2940 mox
1307 2868 1350 2941 ad
1372 2893 1409 2940 se
1430 2884 1467 2940 et

155 3077 163 3092 ι
235 3013 310 3062 suae
337 2988 635 3085 puellaelumina
667 2991 768 3085 nigra
795 2988 951 3084 redeat);
979 2969 1027 3060 inw
1052 2990 1111 3074 III,
1153 3013 1166 3062 1
1201 3006 1325 3062 contra
1352 2989 1395 3062 de
1428 3015 1466 3062 se

234 3128 377 3184 tantum
404 3128 439 3186 et
459 3136 527 3185 suo
544 3113 687 3208 poetico
709 3113 839 3184 merito
860 3110 957 3193 dicit,
975 3128 1010 3184 et
1033 3134 1110 3184 uno
1132 3111 1313 3184 versiculo
1335 3112 1465 3210 frigide

235 3234 433 3328 Cynthium
459 3235 604 3332 attingit
631 3237 683 3331 (v.
699 3236 785 3329 40):

465 3471 629 3544 Gaudeat
653 3473 691 3543 in
721 3471 831 3545 solito
860 3487 952 3543 tacta
981 3471 1101 3569 puella
1126 3497 1231 3558 sono,

234 3725 274 3781 ut
299 3710 433 3781 sentias
460 3709 525 3782 illo
554 3725 717 3806 ternpore
742 3725 899 3805 poetam,
926 3734 1073 3783 suarum
1102 3712 1234 3784 virium
1260 3712 1461 3798 conscium,

167 3858 171 3867 ·
232 3848 442 3917 amatorem,
460 3847 500 3903 ut
516 3833 564 3903 ita
583 3830 711 3916 dicam,
729 3832 766 3902 in
787 3855 889 3904 suam
910 3829 1089 3902 ditionem
1110 3829 1299 3928 redegisse,
1317 3856 1393 3902 non
1421 3847 1464 3902 ut

232 3970 370 4026 amator
402 3954 555 4051 perfecte
589 3956 625 4025 in
660 3952 857 4026 obscurum
890 3953 1152 4038 detruderetur,
1184 3953 1245 4026 sed
1275 3970 1315 4026 ut
1345 3968 1461 4049 poetae
1498 3976 1500 3980 “

234 4078 385 4174 ingenio
406 4078 578 4148 inservire
602 4075 755 4148 deberet.

280 4219 355 4289 Iam
372 4202 632 4289 enumeremus
647 4233 739 4312 quot
753 4217 790 4287 in
806 4215 871 4288 illo
886 4215 978 4288 libro
993 4214 1117 4312 elegiae
1130 4237 1293 4288 amorem
1307 4216 1457 4313 spirent,

198 4379 200 4383 Α
231 4357 323 4438 quot
338 4340 537 4438 elegiacum
558 4356 701 4435 poetam
723 4363 799 4411 suae
823 4340 908 4410 artis
931 4340 1120 4410 conscium
1148 4337 1345 4424 redoleant,
1365 4355 1459 4435 quot

230 4462 396 4536 absolute
417 4462 460 4534 ab
481 4486 603 4534 amore
618 4461 744 4535 alienae
760 4463 845 4533 sint.
