3398 5468
800 561 1018 619 —106—

298 732 385 805 ciles
405 733 505 803 locos
520 732 735 828 plerumque
752 735 964 805 examinatis
989 736 1095 806 variis
1116 737 1281 806 codicum
1306 734 1525 806 lectionibus

298 855 476 949 expedies.
497 856 589 925 Nam
608 853 733 927 multae
748 855 980 927 difficultates
996 858 1120 928 minus
1135 857 1177 928 ad
1194 859 1421 952 Propertium
1438 874 1526 929 sunt

299 976 503 1061 referenda,
521 1001 631 1073 quam
652 976 695 1049 ad
714 977 880 1061 editores
905 980 968 1074 qui
990 996 1073 1050 ante
1100 978 1376 1051 Lachmannum
1391 996 1525 1050 temere

298 1116 457 1196 agentes,
485 1115 567 1194 post
602 1124 686 1171 eum
719 1124 850 1195 magna
874 1125 916 1171 ex
941 1117 1036 1194 parte
1063 1101 1314 1198 Groningano,
1336 1125 1421 1172 mox
1448 1127 1525 1172 uno

298 1221 541 1317 Neapolitano
563 1223 730 1306 nitentes
748 1246 852 1317 prava
868 1223 1066 1319 elegerunt,
1086 1224 1141 1295 vel
1164 1223 1256 1294 mala
1279 1227 1523 1295 coniecerunt.

297 1346 388 1416 Vere
403 1344 538 1416 bonam
559 1344 759 1416 editionem
779 1343 897 1416 adhuc
909 1370 984 1417 non
1001 1345 1188 1417 habemus.
1204 1345 1445 1430 Baehrensius‚
1462 1347 1525 1440 qui

299 1468 582 1564 Groninganum
631 1469 707 1538 iure
746 1466 843 1539 Italis
886 1468 985 1540 libris
1021 1469 1281 1549 adnumeravit,
1314 1469 1401 1540 falsa
1432 1493 1526 1564 saepe

298 1590 416 1686 elegit,
463 1589 608 1661 salsiora
641 1591 867 1686 excogitavit.
901 1591 1082 1675 Praeterea,
1108 1593 1275 1687 quamvis
1304 1590 1525 1687 quibusdam

298 1711 406 1784 bonis
438 1712 537 1784 libris
574 1737 682 1784 suum
712 1712 834 1784 locum
874 1713 1049 1799 tribuerit,
1073 1715 1258 1785 immerito
1282 1713 1525 1809 Neapolitano

298 1834 533 1906 humiliorem
562 1834 720 1906 valorem
742 1837 930 1906 concessit.
951 1837 1087 1907 l'erum
1109 1835 1278 1906 viderunt
1310 1835 1526 1929 Solbiskyus

298 1958 361 2053 (de
377 1957 563 2030 codicibus
583 1959 836 2054 Propertianis‚
864 1960 963 2049 Jena‚
996 1960 1106 2052 1882)
1133 1975 1168 2030 et
1197 1958 1237 2030 C.
1258 1958 1437 2030 Weberus
1461 1958 1525 2052 (de

297 2082 508 2152 auctoritate
530 2080 698 2152 codicum
713 2082 1045 2176 Propertianorum‚
1064 2083 1201 2178 Hagen,
1224 2082 1345 2175 1887),
1359 2082 1422 2176 qui
1438 2105 1525 2152 curn

297 2201 539 2296 Neapolitano
562 2203 720 2296 primum
750 2201 874 2272 locum
902 2201 1117 2286 tribuerunt,
1144 2218 1224 2273 tum
1252 2201 1339 2273 alias
1358 2201 1525 2285 familias

299 2324 433 2396 scilicet
459 2324 521 2394 AF
543 2340 577 2395 et
598 2324 793 2419 praesertim
819 2325 897 2408 DV,
930 2348 1004 2395 non
1036 2325 1322 2396 contemnendas
1342 2349 1419 2395 esse
1435 2323 1527 2395 iudi·

299 2463 480 2518 caverunt.
498 2445 593 2518 Cum
614 2445 745 2540 aliquis
764 2446 954 2518 Vahlenus
976 2446 1032 2518 vel
1053 2449 1089 2518 L.
1104 2447 1304 2519 Muellerus
1325 2447 1382 2518 his
1397 2448 1526 2543 princi·

299 2570 367 2664 piis
383 2569 495 2640 fretus
510 2592 589 2639 vere
618 2592 823 2640 mansuram
852 2569 1051 2641 editionem
1072 2572 1167 2665 typis
1189 2568 1422 2654 mandaverit,
1443 2585 1526 2640 tum

299 2691 449 2762 demum
466 2690 510 2763 de
537 2689 755 2762 obscuritate
783 2693 957 2786 Propertii
987 2693 1053 2763 erit
1079 2692 1329 2763 iudicandum.
1353 2693 1525 2764 Praesenti

298 2827 461 2906 tempore
483 2810 554 2883 hoc
569 2827 713 2883 tantum
728 2811 904 2884 affirmare
925 2836 1123 2908 possumus
1144 2830 1311 2884 nostrum
1329 2836 1421 2908 saepe
1437 2811 1527 2883 libe-

299 2937 400 3017 riore,
416 2959 690 3030 nonnunquam
711 2934 791 3005 laxo
808 2933 921 3006 modo
943 2935 1055 3030 loqui,
1073 2960 1124 3007 ex.
1149 2961 1181 3031 g.
1202 2937 1259 3020 HI,
1285 2959 1338 3026 13,
1362 2939 1487 3031 55-56:

445 3158 498 3230 Te
525 3158 642 3230 scelus
668 3175 814 3254 accepto
840 3159 989 3232 Thracis
1010 3160 1270 3254 Polymestoris
1290 3185 1377 3233 auro

505 3283 628 3353 Nutrit
654 3283 691 3353 in
720 3281 882 3377 hospitio
910 3308 996 3367 non,
1025 3282 1214 3376 Polydore,
1242 3301 1319 3369 tuo.

300 3504 361 3576 ubi
378 3527 459 3574 vere
480 3505 660 3574 sententia
682 3505 846 3575 intricata
862 3520 925 3585 est,
942 3504 998 3574 vel
1019 3504 1194 3590 audacter,
1214 3530 1265 3576 ex.
1283 3531 1316 3602 g.
1333 3506 1391 3591 ΙΙΙ,
1413 3529 1466 3597 14,
1480 3528 1524 3597 5:

489 3724 585 3796 Cum
606 3724 676 3819 pila
696 3724 831 3796 velocis
851 3723 943 3795 fallit
967 3749 1028 3820 per
1047 3724 1189 3797 brachia
1209 3727 1338 3810 iactus

300 3960 334 4015 et
354 3944 449 4016 alibi.

350 4067 544 4162 Ceteroqui
566 4065 658 4138 hanc
679 4066 936 4138 obscuritatem
953 4067 1114 4163 plerique
1136 4095 1210 4140 non
1234 4074 1361 4142 tamin
1384 4089 1527 4144 senten-

299 4191 359 4260 tiis
382 4191 469 4285 ipsis
494 4214 603 4284 quam
634 4192 671 4260 in
692 4192 953 4262 sententiarum
981 4215 1072 4262 nexu
1090 4193 1320 4266 invenerunt.
1339 4195 1393 4265 De
1409 4211 1526 4290 poetae

301 4311 502 4384 desultorio
517 4312 639 4396 modo
662 4314 718 4383 cui
740 4311 966 4386 librariorum
982 4333 1190 4387 commenta
1206 4333 1240 4387 et
1256 4341 1390 4389 errores
1406 4341 1526 4413 super·

300 4454 490 4521 venerunt,
525 4438 595 4507 iam
629 4436 798 4507 diximus.
831 4439 967 4510 Erraret
987 4456 1107 4511 tamen
1127 4442 1156 4511 si
1181 4443 1263 4535 quis
1282 4440 1375 4512 hanc
1394 4443 1431 4512 in
1447 4466 1526 4513 sen-
