3398 5468
750 561 943 628 ...62-

199 809 202 812 ,
234 737 396 825 celebrat,
413 739 475 813 sed
491 766 594 816 anno¹
618 758 762 814 rantum
781 745 872 835 738s‘
878 747 919 814 16
934 743 1063 838 scripta
1083 757 1148 826 est,
1166 743 1462 837 nequemaiestas

234 885 352 959 neque
376 863 432 936 vis
446 862 614 960 quaedam
644 865 788 938 desunt.

282 1003 396 1086 Quod
411 1005 441 1076 si
456 1029 556 1078 nunc
569 1021 652 1077 ante
670 1005 799 1079 oculos
820 1005 915 1076 varia
930 1029 950 1076 a
966 1006 1152 1100 Propertio
1180 978 1325 1077 tractata
1348 1031 1460 1103 argu—

233 1144 357 1200 menta
369 1131 679 1226 proposuerimus,
695 1131 766 1201 iam
780 1128 941 1226 aliquam
969 1145 1085 1226 poetae
1101 1129 1259 1226 effigiem
1282 1129 1461 1202 delineare

233 1252 446 1349 poterimus.
464 1253 555 1324 Vere
570 1251 770 1349 elegiacum
787 1277 937 1325 sensum
954 1251 1118 1336 habebat,
1136 1254 1272 1350 quippe
1297 1253 1361 1348 qui
1384 1277 1459 1324 non

233 1374 346 1446 modo
361 1375 504 1458 sentire,
520 1374 581 1446 sed
599 1398 687 1447 suos
702 1375 891 1446 interiores
913 1390 1037 1446 motus
1053 1374 1187 1445 mentis
1208 1372 1325 1446 oculis
1341 1373 1462 1446 videre

233 1512 367 1590 posset,
384 1513 419 1568 et
437 1494 490 1567 illi
511 1497 597 1568 saris
614 1495 772 1592 amplam
793 1497 978 1568 materiam
1014 1495 1175 1590 Cynthia
1206 1496 1460 1592 suppeditavit.

232 1618 321 1690 Eius
336 1634 458 1690 tamen
478 1619 623 1713 poetico
641 1619 792 1715 ingenio
812 1617 937 1714 aliquo
953 1634 1115 1714 tempore
1130 1619 1205 1715 ipsa
1230 1619 1463 1691 vehementia

232 1742 367 1814 amoris
384 1743 522 1827 nocuit,
539 1742 587 1813 ita
602 1758 724 1813 tamen
742 1758 782 1814 ut
796 1741 934 1837 ubique
950 1742 1028 1813 eius
1044 1741 1194 1838 ignibus
1210 1741 1412 1826 incalescas
1427 1756 1463 1814 et

234 1884 309 1937 non
331 1865 410 1936 sine
437 1888 544 1937 causa
573 1863 641 1936 sibi
669 1865 745 1960 ipse
765 1864 924 1960 palmam
953 1863 1077 1958 elegiae
1104 1863 1241 1936 tribuit.
1266 1865 1306 1935 Ei
1338 1880 1460 1936 tamen

232 1984 428 2059 sublimior
442 1987 590 2059 animus
605 2004 677 2059 erat
692 2011 804 2082 quam
826 2002 867 2057 ut
883 1987 920 2057 in
937 2011 974 2058 se
994 2011 1136 2083 semper
1169 2002 1452 2059 converteretur

231 2109 324 2182 Nam
347 2125 382 2181 et
398 2108 556 2181 aliorum
578 2133 721 2182 amores
749 2109 906 2182 suaviter
930 2124 965 2180 et
981 2108 1071 2181 elate
1091 2109 1231 2194 cecinit,
1249 2124 1284 2180 et
1304 2108 1462 2204 quoties-

233 2255 392 2327 cumque
403 2231 447 2304 de
463 2234 580 2306 Roma
596 2232 694 2315 dixit,
705 2232 870 2306 Romana
882 2232 1049 2304 maiestas
1063 2233 1100 2303 in
1115 2256 1158 2303 eo
1171 2232 1328 2328 spiravit,
1342 2254 1462 2326 neque

232 2355 349 2451 impar
361 2353 419 2426 his
434 2354 603 2427 civilibus
616 2355 851 2451 argumentis,
869 2378 952 2450 quae
979 2355 1092 2427 modo
1115 2354 1296 2438 delibavit,
1313 2353 1463 2425 evadere

121 2476 125 2481 ⁴
232 2478 422 2572 potuisset.
442 2476 511 2550 Sed
551 2479 588 2548 in
613 2479 720 2550 unice
743 2477 903 2575 antiquis
945 2479 1171 2574 argumentis
1211 2494 1366 2572 tempus,
1402 2499 1463 2546 me

233 2599 382 2695 quidem
398 2600 528 2684 iudice,
545 2616 580 2672 et
591 2597 718 2672 oleum
735 2600 959 2696 perdidisset.
1006 2592 1009 2602 ¹
