3398 5468
755 635 949 703 .-μ-

185 800 188 806 ’
285 798 352 871 Sed
399 797 442 870 de
485 797 600 869 tribus
638 799 765 895 primis
812 797 913 870 libris
957 800 1029 872 iam
1064 800 1150 871 satis
1193 797 1368 883 dictum,
1421 796 1464 869 ad

235 936 404 1016 quartum
446 919 658 992 accedamus
695 944 806 1016 quem
851 937 1080 1016 postremum
1125 921 1237 993 fuisse
1276 909 1462 1016 scriptum,

235 1059 270 1114 et
294 1041 337 1113 ad
363 1065 503 1113 annum
531 1044 668 1134 738s16
695 1041 920 1127 descendere,
943 1066 986 1114 ex
1014 1041 1150 1139 elegiis,
1173 1066 1262 1138 quas
1287 1042 1464 1126 continet,

235 1163 325 1237 clare
360 1181 524 1263 apparet;
559 1180 609 1252 ut,
646 1166 675 1236 si
724 1181 891 1237 nostrum
930 1165 1096 1238 ordinem
1133 1182 1341 1263 temporum
1383 1164 1465 1236 reci·

235 1289 320 1386 piaS,
352 1313 412 1361 sex
440 1313 557 1360 annos
594 1287 841 1388 amplectatur.
868 1289 909 1359 ln
947 1287 1012 1361 illo
1039 1289 1142 1374 libro,
1173 1305 1214 1360 ut
1245 1287 1288 1360 ad
1323 1311 1464 1360 amores

235 1413 485 1508 propertianos
505 1411 653 1485 tandem
675 1429 904 1497 revertamur,
929 1428 999 1484 tres
1027 1428 1114 1484 sunt
1147 1410 1281 1509 elegiae,
1309 1433 1462 1507 quarum

235 1533 316 1607 duae
358 1551 460 1616 certe,
492 1536 594 1607 tertia
621 1534 799 1630 probabili
829 1534 953 1621 modo,
987 1534 1030 1606 ad
1058 1535 1256 1629 Cynthiam
1289 1548 1462 1631 spectent,

235 1681 366 1752 nempe
393 1647 516 1755 elegiae
540 1678 571 1750 7,
594 1660 614 1728 8
640 1673 674 1729 et
699 1673 729 1747 5.
751 1643 951 1754 Hucusque
975 1659 1018 1731 de
1040 1658 1298 1754 quinquennio
1319 1671 1463 1729 tantum

234 1777 348 1850 locuti
368 1802 508 1850 sumus.
529 1780 689 1852 Restaret
710 1780 760 1864 ut,
780 1781 837 1852 cit.
857 1779 982 1876 elegiis
1002 1779 1248 1865 consideratis
1271 1779 1358 1874 quid
1380 1794 1464 1874 post

235 1893 533 1997 quinquennium
555 1905 735 1976 evenisset
753 1904 970 1977 videremus.
1056 1935 1062 1946 ·

283 2025 362 2096 Hoc
407 2023 489 2096 loco
535 2023 689 2098 breviter
736 2042 880 2098 tantum
930 2028 1174 2123 quaestionem
1226 2026 1461 2122 attingemus,

234 2170 345 2242 quam
395 2147 433 2218 in
482 2149 650 2242 sequenti
694 2151 809 2244 capite
851 2148 1000 2246 longius
1043 2148 1229 2244 enucleare
1283 2147 1390 2221 nobis
1424 2149 1462 2218 in

234 2270 359 2342 animo
376 2286 439 2342 est.
467 2270 650 2368 Neglectis
679 2270 803 2368 elegiis
834 2290 848 2367 5
875 2288 910 2344 et
943 2275 974 2357 8,
1010 2296 1099 2368 quas
1136 2273 1392 2345 examinandas
1424 2273 1460 2343 in

234 2392 333 2465 hunc
372 2391 495 2464 locum
547 2405 780 2480 reservamus,
813 2395 877 2467 ubi
917 2396 961 2467 de
1008 2394 1135 2480 modo,
1177 2420 1252 2491 quo
1292 2396 1386 2468 inter
1426 2419 1463 2466 se

233 2532 395 2588 amantes
420 2517 458 2586 in
487 2516 561 2587 fine
585 2517 720 2588 amoris
746 2517 911 2604 vixerint,
939 2518 1143 2603 disseretur,
1167 2517 1280 2614 elegia
1309 2538 1327 2610 7
1355 2516 1463 2589 nobis

232 2640 335 2711 testis
358 2640 440 2723 erit,
471 2663 546 2710 non
573 2663 657 2710 cum
685 2640 943 2735 quinquennio
976 2665 1139 2713 amorem
1174 2642 1348 2738 Propertii
1380 2664 1463 2736 erga

234 2761 432 2856 Cynthiam
467 2761 615 2847 finiisse,
652 2777 697 2846 et,
730 2763 838 2833 etiam
864 2780 953 2859 ¹post
991 2763 1160 2858 Cynthiae
1188 2780 1355 2848 mortem,
1384 2764 1462 2836 eius

234 2883 361 2957 saltem
389 2883 606 2956 desiderium
637 2885 674 2955 in
699 2901 816 2981 poetae
835 2888 961 2958 animo
985 2888 1213 2983 regnavisse;
1246 2902 1298 2972 ut,
1320 2887 1461 2958 etiamsi

234 3005 447 3079 concederes
474 3007 593 3102 (quod
634 3032 652 3079 e
690 3006 783 3093 loco,
812 3033 886 3104 quo
919 3009 1042 3106 elegiae
1073 3009 1180 3082 nobis
1220 2999 1465 3106 pervenerint,

233 3109 344 3202 simul
378 3146 456 3202 ete
489 3131 645 3202 metricis
690 3130 892 3204 rationibus
929 3157 1005 3204 non
1036 3135 1292 3229 concedimus)
1330 3133 1462 3231 elegias

237 3268 251 3345 5
281 3269 315 3324 et
338 3256 359 3324 8
383 3268 466 3324 ante
487 3253 600 3325 finem
625 3255 871 3350 quinquennii
891 3255 1003 3328 fuisse
1023 3257 1181 3352 scriptas,
1208 3256 1461 3329 confitendum

232 3391 354 3447 tamen
393 3393 485 3448 esset
517 3399 685 3449 amorum
717 3379 933 3450 memoriam
970 3377 1118 3476 longius
1155 3380 1243 3475 ipsis
1276 3378 1462 3451 amoribus

233 3497 426 3583 duravisse,
456 3515 490 3570 et
519 3498 627 3572 nobis
653 3501 690 3570 in
722 3517 884 3573 mentem
913 3503 1080 3574 venirent
1109 3501 1147 3573 hi
1175 3527 1300 3575 versus
1323 3503 1460 3575 Racinii

131 3714 134 3718 Α
234 3602 360 3706 nostri,
381 3622 535 3718 pectoris
555 3621 709 3695 humani
730 3624 891 3695 acerrimi
911 3624 1170 3720 speculatoris:

355 3869 447 3940 Mais
467 3867 492 3939 il
513 3893 559 3940 ne
578 3885 645 3965 put
665 3871 752 3941 sitot
772 3895 816 3943 en
838 3871 968 3944 bannir
987 3873 1020 3946 la
1039 3877 1191 3970 pensee;

355 3990 484 4063 Vasthi
504 3995 614 4087 regna
633 3992 842 4090 longtemps
864 3994 953 4067 dans
974 4020 1042 4068 son
1066 4001 1146 4068 ame
1167 3997 1338 4069 offensee.

233 4212 301 4286 Sed
329 4213 431 4299 infra,
455 4229 495 4286 ut
527 4214 667 4286 dictum
697 4232 759 4300 est,
792 4216 910 4289 fusius
939 4217 982 4290 de
1015 4218 1080 4291 hac
1112 4218 1391 4302 retractabitur,
1427 4234 1462 4290 et

234 4337 542 4411 demonstrabitur
576 4340 685 4412 etiam
729 4356 812 4436 post
845 4342 1146 4438 quinquennium
1179 4367 1255 4415 non
1293 4366 1461 4415 amorum

235 4476 380 4533 tantum
398 4463 624 4545 memoriam,
646 4487 773 4534 verum
798 4488 940 4536 amores
960 4466 1060 4561 ipsos
1077 4467 1218 4538 vixisse.
1332 4480 1334 4486 ’
