3398 5468
748 549 942 620 ...ψ

228 716 402 813 vigilante
431 715 601 809 Cynthia,
629 717 689 787 vix
721 739 798 786 esse
844 714 1022 786 locutum.
1064 714 1178 795 Quod
1226 714 1268 785 ad
1323 703 1459 786 ceteros

230 838 332 912 locos
359 839 498 919 attinet,
520 813 754 910 Lachmanno
787 839 964 910 assentior
988 839 1218 933 Propertium
1246 854 1281 909 et
1305 861 1345 908 ea
1364 861 1462 908 occa-

146 960 147 963 ’
232 963 345 1046 sione,
381 986 422 1033 ex
450 985 522 1057 qua
557 960 750 1033 discidium
785 975 906 1032 ortum
941 975 1077 1045 estset
1103 946 1244 1032 discidii
1284 975 1458 1056 tempore,

232 1108 313 1181 erga
347 1083 544 1176 Cynthiam
573 1107 745 1178 peccasse.
771 1076 931 1177 (Addere
956 1083 1136 1178 potuisset
1164 1080 1287 1154 locum
1315 1083 1379 1177 qui
1407 1098 1461 1154 est

232 1207 273 1283 ll,
305 1229 361 1296 24,
393 1229 435 1300 9:
1192 1219 1194 1223 ’
1479 1206 1481 1210 ’

385 1419 508 1500 Quare
535 1442 581 1491 ne
608 1417 674 1490 tibi
702 1419 748 1490 sit
775 1419 909 1490 mirum
939 1442 997 1489 me
1024 1442 1181 1514 quaerere
1208 1416 1321 1503 viles,-

235 1636 297 1708 sed
328 1652 419 1734 puto
446 1635 545 1708 hunc
571 1635 643 1708 alio
671 1653 833 1732 tempore
860 1637 972 1708 fuisse
1002 1637 1205 1734 scriptum).
1236 1636 1305 1710 Sed
1330 1637 1373 1709 ab
1399 1636 1463 1710 illo

177 1843 179 1848 ,
236 1783 320 1831 cum
340 1758 545 1855 Herzbergo
565 1760 647 1854 (qui
668 1759 790 1832 tamen
812 1759 953 1832 discidii
973 1784 1114 1831 annum
1136 1759 1313 1854 excludit)
1334 1759 1466 1832 Brand·

237 1884 300 1968 tio,
329 1881 499 1955 Plessisio
525 1881 717 1969 dissenti0,
740 1907 823 1954 cum
852 1882 1005 1955 affirmat
1031 1884 1257 1980 Propertium
1288 1883 1465 1979 posthaec

238 2030 321 2102 non
344 2006 508 2104 potuisse
536 2006 651 2078 dicere
679 2030 715 2078 se
745 2007 909 2102 quinque
936 2031 1054 2078 annos
1083 2007 1281 2100 Cynthiam
1312 2005 1465 2078 fideliter

238 2152 387 2200 amasse.
409 2127 563 2200 Constat
583 2144 728 2224 poetam
749 2127 838 2201 levis
859 2130 998 2226 ingenii
1017 2129 1130 2201 fuisse
1149 2131 1193 2213 ll,
1216 2151 1274 2211 22,
1301 2153 1344 2202 1:

371 2351 447 2424 Scis
474 2350 557 2423 here
586 2351 636 2422 mi
664 2350 798 2423 multas
825 2352 955 2448 pariter
980 2349 1157 2447 placuisse
1184 2348 1332 2445 puellas,

240 2588 275 2645 et
294 2595 375 2667 quae
395 2595 481 2667 seq,
498 2587 533 2644 et
548 2571 638 2644 viles
653 2571 709 2643 vel
731 2571 817 2643 alias
838 2549 1087 2667 quascumque
1107 2569 1150 2641 ab
1171 2571 1278 2641 initio
1299 2593 1467 2640 amorum

240 2694 319 2791 (vid
345 2696 369 2780 l,
400 2696 442 2789 3)
472 2696 692 2790 quaesivisse,
727 2696 777 2766 sic
806 2710 927 2766 tamen
957 2710 998 2766 ut
1026 2693 1069 2765 ad
1101 2693 1299 2788 Cynthium
1329 2717 1470 2788 semper

241 2834 443 2902 recurreret,
475 2823 586 2914 quam
628 2818 734 2889 unice
763 2816 945 2915 diligebat,
977 2819 1034 2888 cui
1074 2816 1143 2889 soli
1173 2815 1357 2888 serviebat.
1391 2817 1469 2887 Hos

240 2965 353 3037 vagos
385 2957 420 3012 et
448 2940 567 3012 fluxos
594 2964 745 3026 amores,
766 2941 804 3012 in
829 2939 963 3035 quibus
994 2964 1123 3011 sensus
1150 2940 1325 3011 maiorem
1359 2962 1468 3033 quam

242 3079 368 3160 pectus
388 3062 511 3135 locum
532 3064 693 3135 tenuisse
711 3062 890 3160 videntur,
912 3088 995 3134 cum
1016 3062 1141 3134 animo
1158 3044 1248 3133 irato
1269 3086 1332 3134 sua
1353 3060 1471 3133 officia

243 3186 478 3282 exprobraret,
493 3187 661 3259 omittere
677 3202 825 3282 poterat,
843 3211 927 3257 cum
944 3184 1005 3258 tali
1024 3188 1215 3258 occasione
1231 3211 1313 3258 suas
1330 3210 1472 3282 semper

219 3306 366 3404 ,culpas
398 3324 538 3380 amator
568 3295 811 3381 obliviscatur.
847 3308 1026 3404 Quinque
1054 3307 1176 3379 solum
1207 3308 1317 3404 igitur
1342 3332 1469 3392 annos,

243 3429 388 3502 incluso
408 3430 549 3531 discidii
565 3455 673 3515 anno,
696 3429 865 3525 Cynthiae
886 3447 920 3503 et
936 3430 1110 3525 Propertii
1126 3454 1268 3501 amores
1288 3428 1472 3503 duravisse

246 3576 387 3625 censeo.

293 3676 546 3773 Indagandum
574 3676 708 3773 quibus
739 3676 783 3748 ab
811 3675 908 3750 Urbe
942 3675 1088 3748 condita
1121 3676 1226 3747 annis
1266 3675 1336 3747 hoc
1370 3677 1474 3772 quin-

246 3800 451 3897 quennium
479 3801 613 3871 amoris
641 3799 880 3870 contineatur.
911 3799 1014 3870 Hanc
1039 3796 1186 3869 arduam
1217 3799 1472 3892 quaestionem,

247 3945 404 4018 persaepe
429 3921 472 3993 ab
501 3920 808 4017 aliis'tractatam,
840 3920 994 3992 breviter
1030 3944 1129 3992 nunc
1163 3921 1337 4016 attingere
1375 3920 1472 3992 volo.

248 4043 345 4115 Ante
377 4045 503 4115 omnia
535 4043 788 4115 confitendum
836 4043 1009 4139 plurimas
1052 4042 1184 4139 elegias
1226 4043 1317 4115 nihil
1361 4045 1398 4115 in
1439 4069 1476 4115 se
1521 4073 1525 4082 ·

249 4165 389 4250 habere,
427 4190 501 4262 quo
547 4183 697 4263 tempus·
730 4166 1011 4262 compositionis
1049 4165 1238 4238 indicetur.
1279 4165 1347 4238 Sed
1391 4191 1474 4238 cum

249 4288 293 4360 de
333 4287 524 4360 nonnullis
566 4287 799 4384 probabiliter
843 4287 985 4360 definiri
1030 4291 1156 4385 possit,
1196 4314 1271 4385 quo
1313 4307 1475 4386 tempore

248 4412 384 4484 fuerint
408 4414 558 4508 scriptae,
583 4392 625 4482 fit
644 4411 840 4484 verisimile
863 4429 994 4485 ceteras
1016 4438 1174 4509 quoque,
1197 4414 1367 4507 quamvis
1390 4429 1477 4484 tem-
