3398 5468
744 583 960 634 -100—

235 749 463 820 mentionem
479 747 572 833 iacit,
589 751 638 820 ita
653 766 774 821 tamen
792 766 831 821 ut
850 751 888 821 in
905 749 1018 846 elegia
1038 752 1063 835 Ι,
1081 772 1126 822 20
1142 751 1301 822 amicum
1318 765 1463 824 tantum

235 887 398 955 moneat,
419 870 475 943 vel
503 872 626 967 potius
654 874 883 944 occasionem
910 871 1077 944 Herculis
1104 888 1139 944 et
1166 872 1268 966 Hylae
1295 898 1464 946 amorum

236 994 497 1066 narrandorum
522 996 673 1091 arripiat,
703 1012 737 1067 et
764 997 801 1066 in
822 997 864 1080 ΙΙ,
890 1018 912 1086 4
939 994 1109 1090 Cynthiae
1129 996 1240 1068 iratus
1260 994 1464 1092 puellarum

235 1140 398 1188 amorem
419 1141 616 1213 puerorum
634 1141 757 1189 amore
777 1121 991 1189 amariorem
1010 1142 1088 1198 esse
1103 1117 1257 1190 breviter
1275 1135 1310 1190 et
1331 1121 1465 1192 cursim

237 1239 428 1336 significet.
458 1240 607 1312 Certum
636 1256 689 1312 est
713 1242 824 1336 igitur
846 1242 1086 1336 Propertium,
1107 1265 1182 1314 suae
1206 1243 1330 1314 amicae
1358 1244 1465 1315 unice

236 1362 419 1448 deditum,
455 1362 563 1434 talem
603 1388 782 1448 amorem,
818 1365 879 1459 qui
918 1366 1013 1460 apud
1051 1366 1222 1459 antiquos
1260 1366 1467 1462 frequenter

235 1486 400 1569 occurrit,
415 1487 604 1581 respuisse,
622 1487 817 1582 Ceteroqui
837 1487 995 1560 Ovidius
1012 1512 1162 1584 quoque
1179 1512 1310 1584 pueros
1325 1489 1462 1574 vitavit,

235 1608 296 1680 sed
315 1607 426 1680 huius
442 1609 679 1681 continentiae
699 1633 803 1680 causa
826 1610 862 1679 in
886 1608 1350 1705 multitudinepuellarum,
1375 1593 1465 1706 quas

236 1733 362 1804 Romae
382 1732 495 1803 fuisse
510 1732 618 1803 initio
635 1756 709 1804 suae
726 1733 823 1804 Artis
838 1734 1008 1804 amatoria
1023 1732 1223 1817 contendit,
1239 1733 1462 1828 requirenda.

282 1873 490 1968 Propertius
520 1887 643 1943 contra
674 1871 826 1944 declarat
854 1898 891 1945 se
922 1897 984 1968 per
1011 1873 1175 1968 quinque
1206 1897 1324 1945 annos
1357 1898 1463 1945 suam

235 1994 433 2087 Cynthiam
454 1997 560 2068 unice
577 1995 742 2067 dilexisse
763 1997 833 2089 (sic
858 1997 957 2067 enirn
983 2019 1093 2069 vooes
1118 1997 1236 2068 servire
1246 1995 1391 2091 fideliter
1405 1998 1462 2082 ΙΙΙ,
1509 2013 1513 2018 ’

234 2139 291 2207 24,
313 2142 332 2188 2
335 2140 355 2208 5
372 2115 627 2213 intellegendae
642 2119 758 2212 sunt).
776 2118 863 2190 lnde
877 2119 919 2190 fit
936 2135 975 2190 ut
992 2120 1029 2189 in
1046 2120 1125 2191 eius
1155 2120 1279 2190 animo
1304 2119 1465 2213 Cynthia

234 2237 343 2334 pleno
359 2263 489 2334 parvus
502 2239 562 2310 alii
576 2240 720 2311 affectui
733 2257 932 2312 remaneret
948 2239 1060 2313 locus.
1076 2244 1202 2337 ltaque
1213 2265 1300 2312 suos
1314 2242 1461 2326 amicos,

235 2378 382 2458 excepto
419 2365 518 2434 Paeto
548 2363 624 2457 (ΙΙΙ,
647 2365 698 2457 7),
726 2364 831 2435 cuius
858 2387 955 2435 mors
983 2364 1158 2434 maiorem
1191 2364 1463 2435 miserationem

235 2510 379 2557 movere
394 2484 555 2571 debebat,
573 2487 658 2558 satis
676 2486 804 2583 frigide
818 2485 1028 2582 alloquitur,
1047 2487 1156 2557 etiarn
1174 2485 1280 2558 illum
1296 2484 1461 2568 Tullum,

234 2633 317 2680 cum
331 2633 406 2704 quo
420 2607 642 2680 familiariter
656 2610 787 2681 vixisse
803 2608 955 2698 videtur,
975 2633 1037 2705 per
1060 2633 1169 2704 quem
1192 2626 1246 2681 est
1268 2608 1463 2681 verisimile

233 2731 340 2803 illum
360 2733 397 2802 in
416 2733 622 2804 Maecenatis
656 2730 832 2803 circulum
865 2732 1082 2826 pervenisse.
1116 2731 1252 2803 Contra
1292 2729 1462 2803 Catullus

151 2950 153 2953 Ι
232 2854 454 2938 carminibus
476 2876 506 2944 9,
534 2876 587 2938 rr,
609 2877 647 2924 12
670 2855 727 2947 (in
752 2854 855 2948 fine),
880 2876 933 2944 13,
953 2871 1007 2947 35,
1029 2871 1106 2938 etc,
1128 2854 1288 2926 ostendit
1318 2877 1354 2925 se
1375 2878 1463 2925 suos

233 2978 370 3048 amicos
404 2977 550 3071 penitus
578 2975 753 3048 dilexisse.
788 2976 990 3048 Fatendum
1018 2978 1127 3048 etiam
1161 2976 1267 3047 illum
1301 2974 1462 3047 eundem

234 3099 423 3172 Catullum
446 3124 514 3170 nos
534 3100 649 3170 acrius
680 3123 835 3183 movere,
870 3102 952 3170 curn
982 3099 1025 3170 de'
1061 3124 1129 3170 suo
1165 3100 1268 3170 fratre
1299 3097 1463 3192 loquitur

232 3224 310 3317 (65,
333 3225 389 3305 68,
411 3222 506 3315 101),
529 3246 638 3316 quarn
668 3222 896 3317 Propertium
914 3221 1026 3292 semel
1054 3220 1154 3293 bisve
1170 3245 1279 3292 suum
1298 3200 1461 3291 amorem

232 3369 314 3442 erga
329 3360 478 3415 matrem
489 3367 604 3414 caram
615 3343 847 3439 profitentem
863 3345 907 3437 (Ι,
927 3366 980 3427 11,
997 3369 1060 3427 213
1081 3343 1123 3428 H,
1136 3365 1191 3428 20,
1209 3344 1313 3436 15).l
1347 3343 1464 3415 factus
1490 3335 1514 3397 θ’

232 3483 303 3539 erat
320 3483 436 3560 poetae
457 3490 537 3563 erga
554 3491 657 3538 suam
672 3465 830 3561 puellam
848 3490 961 3550 amor,
980 3482 1018 3536 ut
1035 3482 1170 3537 ceteros
1191 3489 1321 3537 sensus
1336 3464 1462 3560 aliquo

234 3589 345 3660 niodo
362 3589 635 3684 praestringeret.

283 3730 376 3800 Huic
414 3752 530 3801 causae
562 3727 819 3825 adscribendus
853 3753 1000 3824 quoque
1033 3744 1150 3823 poetae
1184 3728 1220 3797 in
1251 3751 1315 3798 sua
1348 3727 1464 3797 amica

233 3851 414 3924 tractanda
432 3851 558 3947 pudor.
579 3853 693 3922 Verus
716 3876 827 3936 amor,
845 3854 882 3922 in
906 3851 1024 3923 cordis
1044 3850 1289 3947 penetralibus
1309 3849 1461 3932 haerens,

234 3974 447 4069 plerumque
463 3973 545 4045 velo
567 3972 727 4068 quodam
743 3973 963 4057 obvolvitur,
981 3998 1098 4068 neque
1115 3973 1184 4043 nisi
1202 3986 1346 4043 coactus
1362 3969 1465 4066 pudi-

231 4099 323 4169 citiae
353 4096 449 4193 leges
478 4096 651 4192 refringit.
672 4095 759 4168 lnde
781 4096 823 4167 fit
844 4112 884 4167 ut
903 4095 997 4191 apud
1018 4095 1247 4191 Propertium
1268 4118 1463 4189 nunquam

232 4220 294 4291 illa
313 4243 439 4314 spurca
455 4218 570 4303 verba,
592 4218 648 4289 vel
675 4218 822 4290 lascivas
844 4218 922 4290 illas
943 4219 1152 4302 sententias,
1169 4216 1303 4312 quibus
1326 4215 1463 4288 Catulli

232 4358 266 4413 et
294 4340 419 4412 Ovidii
442 4339 592 4411 lectores
619 4341 695 4411 iure
721 4338 969 4424 offenduntur,
991 4340 1164 4410 invenias.
1192 4337 1310 4409 Semel
1338 4353 1461 4408 tamen

233 4464 398 4537 liberiore
419 4461 561 4534 dicendi
582 4486 711 4559 genere
734 4487 822 4535 usus
842 4479 905 4549 est,
923 4487 1054 4557 nempe
1074 4463 1112 4546 ll,
1135 4465 1188 4546 16,
1203 4483 1258 4555 27,
1274 4459 1336 4532 ubi
1354 4459 1461 4531 lectio
