3398 5468
750 592 945 661 -94...

234 759 591 853 exordium(iudices
608 783 681 830 uon
709 759 852 852 vereor)
867 757 1034 829 Cornelia
1061 781 1163 828 suam
1188 759 1299 828 vitam
1334 775 1460 842 narrat,

235 896 420 974 postremo
435 905 604 976 perorans
620 882 671 974 (v.
686 882 750 975 99)
765 881 936 951 maritum
949 896 984 950 et
1000 896 1104 951 natos
1118 897 1238 951 tenere
1249 879 1460 975 alloquitur,
1494 937 1498 946 .

235 1019 285 1086 ut,
313 1002 411 1097 quod
442 1002 539 1100 leges
572 1005 737 1075 oratoriae
783 1001 980 1098 postulant,
1028 1002 1129 1073 lactis
1168 1004 1339 1096 primum,
1377 1003 1460 1074 dein

234 1124 422 1197 affectibus
450 1125 552 1197 locus
572 1128 628 1197 sit.

151 1231 153 1234 ⁵
284 1248 384 1328 Quid
414 1248 525 1320 inde?
550 1249 736 1344 Propertio
752 1272 869 1342 neque
890 1272 943 1319 ars
960 1249 1240 1343 compositionis
1268 1265 1366 1319 tanta
1391 1249 1463 1320 fuit

234 1395 344 1466 quarn
358 1371 541 1467 tripartitae
551 1373 652 1466 (quae
667 1386 788 1442 tamen
804 1372 889 1441 satis
914 1395 1007 1465 saepe
1019 1372 1192 1464 occurrit)
1206 1387 1241 1441 et
1269 1369 1462 1465 strophicae

234 1491 425 1564 divisionis
459 1492 710 1565 defensoribus
743 1494 864 1564 visum
904 1508 967 1577 est,
1006 1517 1124 1588 neque
1158 1516 1281 1564 rursus
1316 1509 1461 1563 tantum

208 1604 359 1699 deluit,
394 1641 503 1712 quarn
538 1617 687 1712 quidam
720 1631 950 1710 putaverunt.
984 1616 1064 1686 Hoc
1084 1614 1207 1686 solum
1238 1614 1306 1685 dici
1341 1631 1463 1710 potest

234 1755 377 1834 poetam
404 1763 467 1833 pro
501 1738 728 1835 temporibus
756 1754 790 1809 et
819 1740 903 1809 vitae
933 1762 1008 1810 suae
1036 1738 1252 1809 condicione
1281 1762 1355 1809 nou
1387 1762 1463 1809 una
1514 1828 1518 1837 Ι

233 1860 431 1956 eademque
458 1863 596 1932 ratione
632 1861 744 1932 fuisse
774 1885 894 1931 usum.
923 1862 1016 1932 Nam
1047 1884 1130 1931 cum
1163 1862 1199 1931 in
1228 1861 1347 1954 primo
1368 1858 1461 1931 libro

232 1983 406 2078 quasdam
429 2000 539 2055 certas
559 1999 684 2078 partes,
706 2007 786 2078 quae
803 2006 1075 2077 nonnunquam
1091 1984 1188 2076 (non
1211 1983 1371 2076 semper)
1391 1982 1461 2054 sibi

233 2105 483 2200 respondeant,
506 2108 713 2189 instituerit,
732 2106 768 2176 in
791 2105 964 2188 secund0,
982 2106 1087 2176 variis
1108 2104 1296 2177 affectibus
1326 2104 1398 2176 huc
1425 2122 1462 2176 et

233 2227 320 2300 illuc
340 2230 500 2314 iactatus,
520 2228 720 2300 desultorio
748 2228 861 2299 modo
890 2227 1021 2324 elegias
1050 2252 1133 2299 suas
1155 2228 1374 2321 composuit,
1397 2227 1462 2320 qui

183 2343 186 2348 ’
233 2367 356 2445 postea
368 2350 566 2422 multarum
584 2350 882 2446 depravationum
906 2374 1010 2421 causa
1025 2349 1118 2434 fuit3
1150 2350 1187 2419 in
1204 2350 1311 2420 tertio
1326 2372 1411 2419 vero
1425 2365 1463 2418 et

232 2490 361 2568 quarto
377 2473 469 2545 libro
504 2499 579 2545 non
612 2498 753 2568 semper
773 2489 845 2544 tam
863 2474 1016 2567 peritum
1040 2497 1150 2568 quam
1178 2474 1215 2543 in
1233 2473 1352 2568 primo
1367 2471 1461 2543 libro

164 2583 171 2600 ⁸
232 2595 397 2668 ordinem
425 2614 571 2668 secutus
605 2613 669 2681 est,
707 2621 792 2667 eum
820 2612 940 2667 tamen
969 2620 1043 2690 quo
1077 2619 1217 2690 perraro
1252 2595 1460 2666 offendaris

231 2716 434 2814 Elegiarum
459 2720 770 2814 Propertianarum
799 2719 889 2790 ordo
921 2720 958 2788 in
988 2720 1106 2813 ptimo
1134 2717 1227 2789 libro
1256 2717 1459 2802 adstrictus
1538 2742 1545 2751 “

232 2838 332 2911 laxus
359 2841 395 2911 in
417 2840 589 2926 secund0,
607 2840 696 2912 liber
715 2843 751 2912 in
774 2839 920 2912 duobus
941 2838 1082 2912 ultimis
1103 2840 1203 2911 libris
1230 2840 1299 2911 dici
1327 2855 1460 2934 potest,

232 2962 295 3057 qui
312 2987 417 3034 verus
430 2964 520 3035 ordo
537 2980 600 3035 est.
617 2965 751 3058 ltaque,
770 2965 799 3034 si
828 2965 1039 3034 universum
1073 2963 1151 3033 eius
1173 2987 1268 3057 opus
1297 2959 1463 3033 conside-

231 3087 371 3170 raveris,
388 3085 488 3158 nulla
507 3111 612 3158 causa
634 3088 699 3157 erit
732 3111 794 3157 cur
817 3073 933 3181 poetae
953 3087 1234 3181 compositionis
1251 3100 1363 3155 artem
1401 3083 1460 3154 vel

142 3260 146 3269 .
232 3209 356 3279 nimiis
375 3209 544 3281 laudibus
569 3207 729 3292 extollas,
749 3208 805 3279 vel
827 3210 984 3280 nimium
1002 3209 1192 3302 vituperes.
