3398 5468
686 635 882 710 -o—

173 816 334 880 mentem
361 825 560 885 revocasse,
584 826 660 898 quo
688 826 788 874 nunc
811 801 893 875 loco
913 826 967 875 res
986 819 1142 875 starent:
1175 832 1193 871 c
1211 802 1311 875 illam
1328 804 1400 876 iam

171 946 282 1020 prope
309 948 423 996 anum
444 948 531 1011 esse,
557 948 638 1021 quae
659 940 780 997 tamen
805 923 982 997 beatiores
1012 941 1190 997 amatores
1220 927 1399 1022 reciperet,

171 1069 292 1142 neque
314 1071 351 1119 se
375 1047 445 1120 iam
466 1048 561 1120 inter
586 1048 753 1119 convivia
773 1045 888 1120 risum
908 1070 985 1120 esse
999 1046 1092 1120 velle
1112 1073 1120 1134 ;
1146 1071 1183 1121 se
1202 1047 1302 1120 illam
1324 1071 1400 1120 non

171 1169 244 1241 iam
278 1192 432 1256 curare;
473 1173 538 1243 iret
573 1196 649 1267 quo
678 1169 808 1256 vellet;
833 1194 850 1240 ))
880 1186 915 1242 et
946 1169 1145 1264 Cynthiam
1174 1187 1257 1267 post
1295 1170 1401 1244 breve

172 1308 328 1388 tempus,
365 1318 451 1365 cum
474 1292 542 1365 sibi
572 1311 775 1366 extremum
802 1309 837 1365 et
864 1314 993 1365 verum
1013 1296 1174 1366 amicum
1204 1316 1269 1366 sua
1297 1292 1403 1391 culpa

171 1413 276 1486 avehi
292 1415 438 1500 videret,
457 1431 501 1500 et,
520 1432 668 1489 mortuo
684 1417 756 1487 iam
782 1416 926 1504 marim,
949 1416 1070 1488 forsan
1090 1432 1125 1488 et
1149 1431 1273 1504 matre,
1295 1440 1400 1489 suam
1446 1417 1448 1422 ’

172 1536 327 1610 domum
354 1539 546 1611 vacuefieri
574 1540 734 1625 sentiret,
761 1541 991 1635 Propertium
1016 1538 1182 1637 precibus
1210 1540 1403 1613 retinuisse

172 1661 355 1757 ceteroqui
381 1662 453 1736 iam
482 1661 751 1735 consuetudine
771 1663 820 1734 ita
844 1679 1009 1758 paratum
1036 1678 1077 1736 ut
1103 1663 1205 1736 solus
1233 1675 1309 1735 no'n
1339 1662 1402 1736 diu

172 1803 356 1856 remanere
376 1785 566 1880 potuisset.

220 1922 277 1995 Ad
298 1941 470 2020 quartum
491 1924 625 1997 librum
645 1924 871 2012 accedamus,
890 1925 953 1998 ubi
974 1941 1044 1998 tres
1059 1941 1147 1998 sunt
1166 1925 1301 2023 elegiae,
1319 1950 1402 2023 quae

172 2043 215 2117 ad
246 2045 445 2140 Cynthiam
479 2060 652 2143 spectent.
688 2048 782 2120 Nam
818 2047 905 2142 sad
931 2046 1129 2142 Cynthium
1151 2073 1228 2121 esse
1254 2048 1409 2122 referen-‘

172 2168 256 2241 dam
293 2170 433 2266 optime
473 2169 564 2241 vidit
597 2167 823 2266 Herzbergus
864 2171 1019 2265 (comm.
1055 2169 1098 2242 ad
1135 2170 1236 2243 hunc
1266 2170 1399 2258 locum,

172 2315 205 2387 p.
235 2293 340 2387 443),
369 2286 560 2386 dubitante
591 2291 844 2364 Luetiohanne
870 2292 1235 2387 (Cornmentationes
1256 2292 1403 2391 Proper·

172 2414 289 2497 tianae,
319 2410 433 2499 Kiliae,
467 2417 571 2506 1869,
600 2438 632 2511 p.
662 2416 735 2509 55),
758 2412 934 2511 probante
957 2413 1119 2487 Scharfio
1141 2415 1402 2510 (Quaestiones

171 2537 424 2633 Propertianae‚
443 2534 544 2609 Halis
564 2538 763 2623 Saxonum,
790 2541 891 2621 1881,
908 2562 941 2633 p.
962 2539 1037 2632 30).
1053 2539 1198 2610 Etenim
1219 2564 1275 2611 vv.
1291 2541 1399 2632 5556

120 2759 123 2764 .
173 2658 495 2756 interpolationem
524 2657 683 2732 redolere
715 2660 840 2732 fateor.
876 2659 945 2732 Sed
979 2686 1037 2733 vv.
1070 2680 1179 2754 53-54
1211 2660 1255 2733 ad
1284 2678 1401 2758 poetae

173 2782 428 2855 condicionem
459 2798 555 2854 certo
584 2795 762 2878 spectant,
785 2797 819 2854 et
842 2802 951 2854 voces
978 2790 1096 2856 nostrat
1121 2785 1235 2856 amica
1257 2785 1309 2879 (V.
1336 2786 1355 2857 6
1358 2786 1402 2878 3)

175 2927 262 2991 non,
301 2904 371 2978 nisi
411 2904 454 2978 de
490 2905 660 3000 Cynthia,
702 2906 910 3001 Propertius
944 2904 1059 2980 dicere
1085 2908 1217 3003 potuit.
1246 2907 1402 2980 Constat
1451 2946 1454 2950 =

174 3029 285 3125 igitur
301 3026 365 3100 illo
384 3045 549 3127 tempore
574 3027 772 3123 Cynthium
808 3028 899 3101 lenae
926 3031 1131 3102 ministerio
1156 3055 1261 3103 usam
1276 3029 1399 3103 fuisse.

173 3149 295 3248 Elegia
315 3154 336 3224 8
356 3151 448 3225 illud
475 3153 619 3236 evincit,
652 3176 726 3223 non
755 3167 902 3224 tantum
922 3176 1092 3225 amorum
1119 3154 1315 3239 memoriae,
1338 3153 1400 3225 sed

173 3274 360 3348 amoribus
386 3296 546 3371 quoque,
575 3275 692 3346 immo
713 3273 966 3359 contubernio,
988 3292 1072 3371 post
1097 3276 1400 3374 quinquennium

173 3397 286 3471 fuisse
308 3397 444 3472 locum.
472 3399 566 3471 Nam
595 3395 964 3494 Lygdamumillum,
994 3421 1103 3494 quem
1130 3423 1149 3470 e
1178 3399 1236 3484 III,
1261 3404 1281 3472 6
1307 3398 1401 3493 Cyn-

80 3571 84 3576 .
174 3515 260 3591 thiae
290 3518 403 3590 fuisse
431 3540 576 3590 servum
607 3533 759 3598 constat,
788 3518 826 3588 in
859 3541 898 3589 ea
931 3517 1045 3589 domo
1074 3519 1296 3604 invenimus
1337 3517 1400 3591 ubi

173 3641 391 3737 Propertius,
420 3642 484 3738 qui
512 3665 598 3714 eum
624 3638 779 3712 vendere
806 3639 963 3727 iubetur,
997 3639 1174 3713 dominus
1200 3665 1277 3714 esse
1305 3639 1401 3714 vide·

173 3780 242 3836 tur.
264 3764 424 3839 Aliunde
440 3789 482 3837 ex
503 3763 617 3862 elegia
634 3785 652 3855 7
670 3762 786 3835 elucet
801 3764 1041 3861 Propertium,
1064 3780 1209 3836 mortua
1228 3764 1399 3859 Cynthia,

174 3884 343 3980 Cynthiae
372 3909 490 3959 servas
518 3886 614 3983 apud
640 3910 677 3958 se
700 3883 881 3957 habuisse.
907 3883 1010 3966 Quid
1031 3887 1184 3981 postea?
1207 3886 1400 3960 Credimus

175 4024 258 4105 post
281 4010 581 4106 quinquennium
607 4007 816 4102 Cynthiam‚
838 4010 910 4079 iam
927 4007 1077 4080 liberam
1097 4022 1135 4081 et
1152 4033 1273 4081 veram
1292 4033 1401 4083 mere·

86 4198 88 4203 ,
174 4132 310 4217 tricem,
332 4155 417 4204 cum
443 4148 549 4228 poeta
564 4133 600 4202 vi
619 4130 900 4203 consuetudinis
928 4132 1070 4218 vixisse,
1101 4147 1135 4204 et
1156 4157 1193 4205 se
1219 4133 1257 4204 in
1283 4149 1400 4228 poetae

175 4254 330 4327 domum
358 4255 597 4327 transtulisse.
622 4256 735 4349 (Nam
762 4252 876 4350 elegia
904 4256 983 4325 8in
1011 4255 1184 4351 Esquiliis
1211 4257 1339 4353 agitur,
1367 4272 1402 4329 et
1470 4295 1473 4306 ·

175 4377 269 4463 elll,
287 4399 305 4449 2
313 4398 344 4466 3,
371 4399 416 4468 24
443 4377 674 4473 Propertium
701 4375 875 4472 Esquiliis
902 4375 1121 4450 habitavisse
1146 4379 1312 4473 scimus).
1332 4377 1401 4451 Illo

175 4500 254 4595 ipso
277 4516 440 4595 tempore
461 4515 496 4571 et
524 4498 684 4592 Cynthia
705 4497 871 4594 peccabat
891 4499 993 4593 (vide
1015 4501 1165 4580 initium
1187 4499 1353 4598 elegiae),
1366 4516 1401 4573 et
