3398 5468
754 605 950 655 ...11-

233 767 435 865 significare
465 782 586 862 potest
610 769 783 862 (constat
812 768 912 838 enim
940 766 1061 862 plures
1088 792 1198 862 quam
1225 766 1315 838 duas
1348 765 1465 837 homi-

234 914 325 962 num
345 905 466 962 aetates
491 891 584 961 inter
609 906 754 986 poetam
780 906 814 961 et
836 888 1035 982 Cynthiam
1061 891 1341 983 intercessisse).
1369 889 1464 969 Quae

208 1070 211 1077 .
234 1011 277 1084 de
300 1012 418 1083 Hosto
438 1010 610 1097 Hostilio,
630 1011 730 1083 Tulli
751 1009 901 1104 Hostilii
927 1013 1020 1108 regis
1040 1036 1117 1095 atu,
1143 1011 1372 1082 Weichertus
1391 1011 1464 1104 (De

235 1136 367 1207 Hostio
382 1137 507 1231 poeta)
522 1136 748 1232 excogitauit,
766 1159 852 1206 eum
865 1136 1007 1231 generis
1026 1152 1210 1206 auctorem
1229 1134 1339 1206 luisse
1356 1132 1467 1205 decla·
1484 1130 1486 1134 ⁴

236 1281 327 1342 rans,
350 1280 458 1329 merae
479 1281 586 1353 nugae
607 1274 703 1329 sunt.
720 1257 878 1354 Apparet
896 1274 1018 1329 tamen
1035 1282 1054 1329 e
1070 1258 1259 1329 mentione
1274 1280 1356 1351 quae
1370 1255 1465 1351 apud

236 1381 426 1476 scriptores
445 1380 487 1450 fit
512 1380 671 1453 duorum
692 1381 924 1465 Hostiorum,
947 1404 1106 1476 quorum
1128 1381 1226 1476 prior
1259 1379 1307 1451 ob
1329 1380 1467 1475 parrici-

236 1502 359 1588 dium,
385 1503 563 1597 posterior
592 1502 639 1574 ob
671 1504 857 1575 avaritiam
896 1502 1160 1598 libidinemque
1196 1501 1344 1574 infamis
1376 1502 1465 1588 fuit,

236 1627 453 1698 Hostiorum
486 1650 603 1723 genus
630 1627 668 1697 in
699 1627 868 1699 notitiam
898 1626 1096 1698 hominum
1130 1627 1270 1697 venisse
1289 1626 1394 1719 (nam
1424 1623 1468 1696 de

236 1749 375 1821 infimis
396 1752 568 1844 tacetur).
591 1748 783 1822 Credimus
812 1773 898 1846 ergo
925 1766 960 1821 et
988 1749 1164 1822 Hostium
1184 1765 1329 1845 poetam
1349 1773 1369 1820 a
1387 1748 1469 1819 Pro·

237 1873 353 1967 pertio
381 1871 571 1969 designari,
594 1888 630 1944 et
656 1896 790 1944 vocum
810 1874 994 1966 fortunata
1020 1871 1137 1944 domus
1167 1872 1305 1943 ratione
1335 1869 1466 1954 habita,

238 1995 406 2067 Hostiam
436 2012 602 2092 gentem,
635 2020 654 2066 a
688 2020 759 2092 qua
796 1994 955 2090 Cynthia
990 1995 1144 2068 oriunda
1174 1994 1301 2079 fuerit,
1331 1995 1361 2065 si
1390 2017 1467 2064 non

239 2142 426 2214 magnum,
444 2117 606 2213 aliquem
625 2120 800 2189 tamenin
823 2118 966 2190 civitate
987 2143 1137 2190 romana
1153 2116 1277 2190 locum
1293 2117 1466 2188 tenuisse.

289 2275 384 2355 Quae
417 2275 446 2346 si
481 2276 530 2346 ita
561 2291 657 2349 sunt.
680 2275 848 2347 funditus
879 2277 1050 2347 evertitur
1081 2274 1143 2346 illa
1170 2274 1353 2363 doctrina,
1386 2297 1468 2369 quae

239 2396 438 2492 Cynthiam
461 2396 678 2482 libertinam,
713 2392 831 2470 immo
866 2400 1092 2470 meretricem
1114 2397 1225 2470 fuisse
1254 2395 1344 2469 vult.
1371 2397 1470 2469 Non-

240 2518 353 2591 nullis
381 2520 495 2591 nostri
520 2535 636 2614 poetae
660 2519 749 2592 locis
769 2522 995 2617 compositis,
1020 2521 1245 2617 Herabergus
1270 2519 1469 2613 Cynthiam

240 2640 393 2713 declarat
417 2641 529 2713 fuisse
556 2642 820 2715 meretriculam
841 2645 895 2740 (p.
920 2646 987 2734 363
1014 2667 1082 2715 cur.
1100 2641 1327 2714 deminutiva
1352 2640 1470 2713 forma

241 2780 371 2849 utatur,
395 2765 529 2849 nesci0,
559 2788 642 2836 cum
672 2765 768 2851 aliaS,
800 2765 874 2838 scil.
896 2791 929 2862 p.
955 2789 997 2857 39
1026 2791 1117 2850 eam,
1149 2767 1226 2847 eius
1256 2781 1408 2837 matrem
1435 2780 1470 2836 et

241 2887 365 2959 matris
386 2903 537 2959 matrem
557 2888 671 2960 fuisse
692 2890 895 2961 meretrices
920 2891 1102 2961 maiorum
1121 2890 1289 2987 gentium
1310 2888 1413 2972 dicat,
1435 2904 1471 2960 et

242 3034 260 3081 e
291 3011 479 3105 Propertio
512 3028 676 3106 appareat
712 3029 903 3107 praetorem
942 3011 1125 3108 quendam
1166 3010 1364 3105 Cynthiam
1401 3035 1470 3083 suo

241 3130 361 3202 favore
388 3154 465 3203 esse
488 3131 710 3228 dignatum).
732 3133 832 3205 [dem
860 3133 947 3206 dicit
973 3132 1125 3227 Paleyus
1144 3132 1207 3227 (ad
1228 3134 1253 3218 I,
1279 3157 1370 3229 1,:1:
1398 3160 1416 3201 <c
1439 3132 1471 3204 It

243 3257 273 3327 is
292 3253 464 3350 probable
486 3254 563 3327 that
583 3255 647 3327 she
671 3281 744 3328 was
764 3281 782 3328 a
805 3256 981 3343 libertina,
1007 3257 1076 3329 and
1098 3256 1318 3350 sufficiently
1337 3257 1470 3328 certain

242 3374 320 3449 that
343 3375 408 3448 she
429 3401 502 3448 was
527 3401 546 3448 a
566 3380 743 3464 meretrix,
770 3378 914 3476 though
939 3395 1004 3450 not
1024 3403 1094 3450 one
1119 3379 1161 3450 of
1177 3377 1250 3451 low
1276 3377 1402 3475 degree
1420 3380 1468 3472 n).

241 3498 341 3570 [dem
367 3514 402 3570 et
425 3499 632 3594 Postgatius
659 3499 814 3594 (Introd.
840 3525 873 3596 p.
899 3524 1013 3573 xvur:
1039 3529 1057 3569 a
1085 3501 1203 3572 There
1228 3503 1258 3572 is
1285 3524 1334 3571 no
1359 3523 1472 3572 reaso-

244 3620 349 3693 nable
374 3620 491 3693 doubt
513 3619 592 3692 that
608 3620 673 3694 she
695 3647 767 3694 was
782 3647 801 3694 a
817 3639 1006 3696 courtesan
1021 3623 1064 3694 of
1081 3622 1143 3694 the
1165 3622 1294 3720 higher
1313 3622 1402 3694 class
1419 3624 1469 3717 n).

243 3743 344 3814 Idem
372 3760 407 3815 et
430 3743 659 3837 Kylanderus
679 3745 837 3838 (Sextus
865 3747 1089 3841 Propertius,
1112 3771 1157 3816 en
1188 3744 1472 3817 literatus-histo·

245 3866 317 3938 rish
340 3865 469 3951 studie,
498 3866 644 3964 Upsala‚
664 3870 765 3961 1877,
783 3892 816 3964 p.
834 3870 876 3962 8)
889 3870 939 3940 sic
957 3893 1021 3941 sua
1042 3868 1168 3965 lingua
1188 3868 1355 3941 locutus:
1379 3895 1396 3939 a
1416 3871 1471 3940 En

245 3988 417 4086 grundlig
442 3990 616 4086 prblning
620 4049 675 4061 .....
712 3989 776 4062 har
817 4008 886 4062 sart
918 4007 1022 4063 utom
1049 3990 1113 4063 allt
1138 3991 1277 4076 tvifvel,
1310 4009 1361 4064 att
1394 3991 1471 4063 hon

156 4117 158 4122 ’
245 4112 334 4183 varit
349 4136 392 4183 en
411 4110 512 4182 hetdr
526 4113 732 4206 (meretrix)
748 4113 818 4184 och
834 4113 872 4184 af
883 4113 943 4210 lig
958 4112 1146 4186 hirlronrst
1161 4140 1195 4200 »3
1217 4116 1252 4187 id
1269 4130 1341 4187 est:
1361 4143 1378 4183 a
1396 4113 1473 4186 dili·
1555 4205 1561 4216 ·

246 4235 346 4331 genti
370 4233 658 4306 observatione...
688 4251 782 4306 extra
803 4235 1069 4308 dubitationem
1101 4241 1264 4332 positum
1295 4255 1362 4322 est,
1393 4262 1472 4309 eam

247 4356 470 4427 meretricem
499 4373 533 4429 et
560 4356 692 4429 humili
717 4360 856 4454 origine
879 4359 1001 4432 fuisse.
1025 4388 1042 4427 n
1064 4359 1161 4431 Idem
1189 4377 1223 4432 et
1244 4359 1473 4433 Baehrensius

246 4476 406 4574 (Proleg.
427 4503 460 4574 p.
483 4480 558 4574 41).
582 4480 726 4552 Omnes
752 4483 864 4576 igitur
890 4481 927 4552 hi
949 4483 1013 4553 viri
1034 4482 1131 4554 docti
1157 4482 1355 4577 Cynthiam
1374 4482 1474 4555 liber·

1397 4663 1410 4694 2
