3398 5468
287 750 406 830 Nunc
421 747 467 828 ad
480 749 605 828 nostri
621 748 749 853 operis
761 747 1000 828 divisionem
1016 748 1235 827 veniamus,
1265 747 1461 839 Quamvis

235 879 553 985 unumquodque
583 900 697 984 caput
726 907 793 984 per
828 907 868 958 se
896 896 985 973 stet,
1018 878 1113 958 duas
1151 898 1306 958 tantum
1335 898 1461 984 partes

235 1013 399 1118 reperire
422 1031 496 1106 est,
520 1037 686 1116 quarum
709 1012 823 1091 variae
845 1009 1060 1091 divisiones
1084 1011 1185 1090 inter
1208 1038 1247 1089 se
1268 1011 1461 1090 artissime

235 1144 477 1246 iungantur;
518 1172 538 1223 e
581 1143 724 1247 quibus
752 1143 858 1248 prior
881 1143 927 1223 ad
954 1143 1074 1221 vitam
1100 1161 1240 1247 poetae,
1270 1143 1463 1247 posterior

234 1275 281 1357 ad
301 1276 386 1356 eius
407 1276 561 1381 poesim
585 1276 764 1380 pertinet.
790 1274 834 1354 ln
869 1272 935 1354 illa
959 1274 1143 1378 Cynthiae
1163 1273 1460 1368 condicionem,

235 1407 282 1488 de
304 1435 380 1512 qua
401 1407 472 1487 viri
494 1406 596 1487 docti
621 1405 748 1486 adhuc
768 1425 927 1501 certant,
950 1404 1093 1486 melius
1121 1403 1282 1485 definire
1304 1405 1461 1485 studui-

236 1566 326 1619 mus
349 1569 358 1634 3
389 1539 530 1619 deinde
557 1537 880 1643 quinquennium
907 1565 989 1616 non
1024 1537 1072 1617 iis
1100 1538 1215 1617 annis
1245 1538 1460 1631 contineri,

235 1696 335 1774 quos
356 1667 565 1749 Plessisius
582 1669 849 1764 constituerat,
867 1667 1135 1748 demonstrare
1152 1695 1292 1748 sumus
1314 1669 1460 1761 conati;

235 1819 436 1904 postremo
454 1828 535 1904 quo
558 1799 681 1879 modo
693 1798 865 1903 Cynthia
883 1818 919 1879 et
939 1800 1163 1904 Propertius
1179 1800 1281 1879 inter
1296 1827 1336 1879 se
1350 1800 1462 1880 vixe-

237 1931 326 2026 rint,
345 1931 479 2036 inqua
500 1959 538 2010 re
561 1931 659 2010 mihi
677 1958 758 2009 non
778 1931 888 2035 pauci
906 1931 1089 2011 erravisse
1109 1929 1309 2026 videntur,
1330 1931 1461 2010 mani-

238 2060 375 2142 festius
406 2062 568 2167 prodere
597 2060 813 2142 voluimus
840 2063 884 2142 ln
914 2061 984 2141 hac
1013 2063 1089 2141 nisi
1119 2088 1276 2156 sumus,
1303 2079 1346 2140 ut
1362 2088 1461 2140 non-

238 2191 347 2273 nulla
362 2223 382 2274 a
402 2194 612 2274 Germanis
629 2195 854 2298 nuperrime
870 2211 1025 2273 tractata
1041 2221 1130 2272 cum
1149 2194 1190 2271 in
1208 2221 1335 2272 unum
1352 2219 1462 2294 coge·
1537 2283 1539 2287 ,

238 2353 383 2420 remus,
407 2344 493 2405 tum
516 2323 645 2429 aliqua
665 2354 712 2405 ex
733 2344 837 2430 parte
858 2325 1178 2426 redargueremus
1199 2343 1236 2404 et
1257 2324 1302 2404 ad
1323 2352 1459 2404 verum

237 2455 522 2538 reduceremus.
548 2432 708 2549 Quibus
742 2458 783 2536 in
808 2457 921 2536 rebus
943 2456 1201 2561 propertianae
1221 2453 1355 2558 elegiae
1373 2484 1461 2536 ver-

172 2585 187 2612 ''
234 2605 429 2682 sarentur‚
465 2586 649 2692 quemad
677 2585 844 2666 modum
870 2614 940 2691 pro
965 2586 1211 2690 temporibus
1240 2587 1356 2666 variis
1382 2605 1461 2666 stu-

234 2716 317 2798 diis,
339 2738 453 2822 poeta
495 2717 741 2812 incubuerit,
779 2715 1068 2810 indicavimus;
1109 2715 1249 2797 deinde
1286 2715 1460 2796 vidimus

235 2848 328 2951 quid
349 2846 442 2943 sibi,
469 2848 562 2953 quid
584 2846 669 2928 aliis
695 2847 881 2945 debuerit,
908 2868 945 2928 et
969 2866 1165 2952 quatenus
1181 2846 1460 2931 Alexandrinis

234 2979 362 3084 poetis
386 2977 549 3085 adscribi
567 2979 704 3083 possit.
733 2979 831 3058 Mox
856 2979 903 3058 de
929 2978 1191 3082 dispositione
1217 2979 1301 3059 eius
1326 2980 1460 3058 carmi-

235 3137 334 3190 num
368 3108 651 3205 disseruimuS,
687 3109 733 3190 de
766 3137 843 3215 qua
877 3139 915 3192 re
954 3108 1067 3214 plane
1101 3108 1262 3190 diversae
1301 3108 1461 3191 fuerunt

235 3239 444 3321 doctorum
462 3241 678 3324 sententiae.
695 3240 884 3321 Extremo
905 3241 1027 3346 capite
1048 3238 1176 3345 aliqua
1197 3268 1280 3320 non
1302 3270 1322 3321 a
1344 3241 1460 3321 nobis

234 3389 390 3453 tractata
424 3370 592 3452 delibare
625 3370 846 3467 voluimuS,
882 3371 1002 3453 simul
1036 3400 1154 3477 quem
1190 3371 1323 3452 locum
1360 3373 1461 3453 inter

234 3501 332 3583 alios
348 3529 536 3582 romanos
553 3500 743 3604 elegiacos
760 3522 893 3608 poetas
910 3522 1044 3583 noster
1059 3521 1222 3599 teneret,
1240 3503 1457 3584 ostendere.

235 3634 393 3713 Etenim
421 3631 519 3713 illud
555 3633 801 3729 studuimus,
827 3662 909 3714 non
934 3653 1090 3714 tanturn
1115 3653 1159 3714 ut
1184 3634 1299 3714 variae
1325 3637 1458 3737 magni

235 3765 433 3844 momenti
464 3765 704 3868 quaestiones
735 3765 774 3843 in
798 3763 960 3845 meliore
990 3763 1074 3845 luce
1104 3784 1360 3868 ponerentur,
1392 3765 1458 3845 sed

234 3895 351 3975 etiam
379 3914 422 3974 ut
447 3923 494 3974 ex
519 3894 581 3974 his
607 3915 757 4000 septem
783 3894 973 4000 capitibus
999 3896 1144 3976 nostris
1169 3924 1256 3976 vera
1282 3895 1458 3977 hominis

230 4042 272 4104 et
296 4043 422 4129 poetae
442 4022 590 4126 effigies
611 4023 880 4105 delinearetur.
903 4025 1113 4118 Quatenus
1138 4025 1184 4106 ad
1210 4027 1456 4131 propositum

232 4153 355 4235 finem
381 4156 675 4251 accesserimus,
701 4154 766 4236 alii
791 4154 1018 4236 diiudicent.

674 4419 1015 4428 u——-—-—-——-
