3398 5468
641 1439 843 1525 CAPUT
882 1440 964 1523 Vll

556 2017 1038 2124 CONCLUSIO

235 2383 331 2455 Cum
356 2408 431 2456 non
457 2383 563 2456 nobis
587 2387 624 2456 in
648 2387 773 2458 animo
796 2389 842 2459 sit
862 2388 997 2470 omnia,
1020 2411 1101 2482 quae
1121 2387 1163 2459 ad
1183 2388 1412 2482 Propertium

185 2503 309 2601 aliquo
322 2508 659 2604 modopertineant,
675 2509 746 2580 hoc
770 2525 896 2580 nostro
921 2509 1101 2604 opusculo
1122 2525 1277 2594 tractare,
1306 2527 1413 2582 restat

186 2644 226 2699 ut
249 2629 293 2700 iis
316 2628 433 2716 rebus,
457 2650 538 2726 quae
560 2630 747 2703 enucleare
772 2656 903 2703 sumus
924 2632 1055 2715 conati,
1078 2655 1154 2702 uno
1176 2629 1309 2702 obtutu
1330 2657 1414 2704 con·

186 2750 358 2836 sideratis,
390 2752 501 2825 simul
531 2753 723 2826 nonnullis
751 2754 908 2837 adiectis
936 2770 1103 2848 praeterea
1131 2753 1210 2825 aliis
1237 2754 1413 2827 Romanae

186 2871 309 2970 elegiae
338 2875 562 2972 principibus
582 2878 619 2947 in
641 2877 952 2972 comparationem
972 2876 1163 2960 arcessitis,
1187 2891 1347 2948 nostram
1369 2876 1413 2948 de

185 2995 371 3092 Propertio
387 3014 421 3069 et
436 2999 514 3070 eius
529 3022 635 3094 opere
651 2999 870 3094 sententiam
888 2999 925 3069 in
943 2999 1155 3070 universum
1173 3022 1410 3093 exponamus.

233 3119 319 3190 Eius
346 3121 460 3191 amica
487 3120 657 3214 Cynthia,
684 3146 769 3193 vero
798 3122 950 3193 nomine
975 3121 1115 3205 Hostia,
1143 3121 1306 3192 maritata
1330 3121 1411 3205 fuit,

183 3241 277 3311 sicut
295 3240 421 3312 Lesbia
436 3241 582 3326 Catulli,
607 3242 711 3314 Delia
729 3242 868 3315 Tibulli
891 3245 934 3338 (l,
953 3266 992 3327 .2‚
1012 3244 1088 3337 41),
1103 3242 1265 3314 Corinna
1285 3241 1411 3314 Ovidii

90 3362 98 3377 '
181 3361 350 3454 (Amores,
377 3364 402 3448 l,
429 3364 480 3456 4).
509 3365 537 3434 E
562 3381 678 3459 poetae
703 3364 925 3436 carminibus
952 3380 1095 3435 constat
1120 3388 1199 3434 eam
1231 3362 1410 3435 leviorum

184 3509 329 3556 morum
351 3485 474 3571 fuisse,
496 3503 536 3558 ut
558 3512 632 3559 non
656 3489 827 3560 maritum
849 3487 970 3559 solum
993 3485 1191 3581 deciperet,
1214 3486 1275 3558 sed
1297 3485 1412 3558 libidi-

184 3630 272 3678 nosa
288 3612 462 3703 avaraque
482 3633 569 3680 suos
589 3611 726 3681 amicos
746 3610 906 3681 vicissim
928 3610 1097 3704 reciperet
1122 3607 1409 3704 excluderetque,

183 3753 260 3800 uno
296 3728 406 3801 verbo
437 3755 537 3803 more
566 3755 713 3827 prorsus
750 3732 951 3803 meretricio
977 3732 1123 3802 viveret.
1155 3730 1432 3803 Nihilominus

183 3868 324 3923 constat
339 3853 376 3923 in
391 3877 431 3924 ea
446 3869 590 3949 poetam
609 3855 737 3926 misere
753 3854 955 3949 deperiisse,
965 3854 1027 3948 qui
1041 3854 1119 3925 eius
1133 3853 1267 3926 durum
1281 3854 1411 3951 iugum

184 4001 259 4047 non
281 3976 394 4048 modo
415 3979 579 4073 quinque
599 4001 716 4049 annos
736 3978 824 4049 ferre
845 3979 1014 4073 potuerit,
1036 3994 1070 4048 et
1086 3993 1169 4072 post
1189 3978 1276 4048 anni
1297 3978 1412 4050 totius

182 4097 376 4170 discidium
402 4099 444 4171 ad
474 4124 552 4171 eam
583 4101 628 4171 sit
658 4123 836 4184 reversus,
864 4099 925 4172 sed
954 4125 998 4172 ne
1023 4117 1107 4197 post
1135 4099 1219 4172 illos
1246 4101 1411 4196 quinque

181 4245 298 4291 annos
312 4221 460 4316 quidem
476 4221 575 4293 illam
592 4223 797 4295 deseruerit.
812 4223 1012 4295 Fatendum
1030 4240 1083 4295 est
1096 4240 1218 4295 tamen
1234 4224 1411 4318 Propertii

182 4367 343 4414 amorem
369 4369 443 4416 non
472 4345 625 4417 eandem
651 4370 793 4442 semper
814 4345 984 4419 habuisse
1009 4363 1185 4432 naturam,
1208 4362 1248 4418 ut
1274 4345 1310 4416 in
1337 4345 1410 4417 fine

181 4483 286 4560 poeta
306 4468 519 4563 resipiscens
541 4492 646 4541 merae
666 4469 925 4540 consuetudini
945 4470 1151 4542 inserviisse
1170 4468 1343 4540 videatur.
