3398 5468
712 557 884 634 ..5-

181 757 291 829 quarn
312 754 427 827 nuper
446 729 687 814 laudavimus,
701 729 852 802 forsitan
868 729 1214 824 artificio-originem
1230 727 1408 800 debuisse.

181 853 250 927 Sed
265 853 309 925 de
323 853 488 924 minimis
508 853 579 923 iam
597 852 682 922 satis
703 874 883 947 superque
905 849 1045 922 dictum
1065 850 1126 944 ().

229 977 340 1048 Poeta
360 999 428 1047 nos
442 973 548 1046 docet
563 972 762 1068 Cynthium
783 973 954 1056 formose,
972 973 1093 1068 posito
1108 972 1248 1058 laccho,
1265 971 1411 1045 saltasse

181 1099 241 1193 (ll,
271 1121 303 1188 3,
334 1099 398 1191 17)
425 1112 459 1168 et
485 1096 597 1188 lyram
621 1096 732 1191 perite
755 1094 878 1191 digitis
905 1096 1123 1191 percussisse
1157 1096 1217 1190 (Il,
1249 1119 1278 1181 1,
1308 1118 1413 1189 9·ro·,

181 1222 222 1305 ΙΙ,
257 1243 288 1311 3,
316 1223 455 1313 19-20),
490 1220 538 1290 ita
567 1233 607 1291 ut
634 1219 712 1290 eius
752 1217 884 1291 modos
913 1217 1157 1291 verisimiliter
1181 1242 1252 1289 vox
1281 1217 1411 1314 puellae

182 1357 402 1438 sequeretur.
429 1343 558 1437 Neque
573 1356 717 1413 tantum
740 1340 921 1425 canendis,
943 1339 1002 1413 sed
1018 1356 1053 1413 et
1073 1340 1274 1438 pangendis
1290 1341 1412 1412 carmi-

183 1465 292 1562 nibus
306 1462 471 1548 indulsit,
497 1465 527 1535 si
543 1480 659 1560 poetae
690 1461 879 1545 credimus,
904 1464 968 1559 qui
997 1464 1129 1559 saepius
1160 1488 1239 1536 eam
1267 1463 1411 1535 doctam

181 1585 336 1683 appellat
355 1587 427 1680 (ex,
444 1611 477 1682 g.
494 1587 522 1674 Ι,
547 1607 577 1678 7,
601 1610 644 1658 rr
657 1613 668 1672 ,·
695 1586 736 1670 ΙΙ,
765 1605 817 1672 13,
844 1587 906 1679 rr)
928 1609 994 1657 nec
1017 1586 1142 1658 minus
1162 1609 1242 1657 eam
1259 1585 1411 1682 ingenio

180 1710 355 1781 Minervae
380 1733 491 1804 quam
511 1708 628 1779 forma
654 1708 786 1780 Veneri
809 1709 1003 1781 inservisse
1022 1708 1175 1782 declarat
1202 1709 1246 1803 (l,
1274 1731 1306 1791 a,
1327 1710 1407 1803 3ο).

183 1831 341 1925 Cynthia
356 1833 434 1927 ipsa
448 1855 512 1903 sua
528 1833 657 1927 scripta
673 1834 796 1929 magni
824 1832 986 1916 faciebat,
1015 1834 1150 1928 quippe
1171 1855 1252 1926 quae
1268 1856 1308 1903 ea
1326 1855 1410 1904 cum

185 1955 326 2050 scriptis
366 1954 538 2026 Corinnae
578 1955 632 2048 (et
669 1950 820 2026 forsitan
858 1956 1041 2049 Erynnes)
1079 1956 1131 2048 (Ι)
1169 1954 1412 2026 committeret

181 2077 242 2171 (H,
260 2099 290 2167 3,
312 2079 447 2171 21-22).
478 2077 592 2148 Miror
612 2079 799 2149 neminem
820 2078 998 2172 poeticam
1017 2076 1186 2174 Cynthiae
1203 2075 1411 2148 facultatem

181 2201 218 2270 in
246 2200 495 2296 suspicionem
535 2224 692 2273 vocasse.
738 2201 779 2270 ln
821 2200 899 2272 eius
945 2199 1166 2271 carminibus
1213 2198 1435 2293 scribendis¹

181 2322 410 2418 Propertium
425 2346 501 2392 non
516 2323 678 2393 otiosum
692 2321 805 2393 fuisse
821 2320 983 2405 arbitror,
999 2345 1065 2392 nec
1076 2344 1152 2393 raro
1168 2321 1254 2391 vitia
1267 2343 1411 2392 sanasse

181 2441 237 2513 vel
267 2441 442 2514 flosculos
486 2444 708 2538 inspersisse.
749 2443 944 2526 Ceterum,
988 2467 1032 2514 ne
1070 2444 1108 2513 in
1145 2441 1412 2537 quaestiuncula

183 2588 464 2649 commoremur,
503 2566 627 2638 amicae
662 2589 764 2637 aures
791 2590 918 2661 puraS,
949 2565 985 2637 id
1015 2581 1068 2637 est
1103 2565 1146 2637 ad
1173 2564 1411 2638 iudicandum

183 2685 339 2772 callidas
359 2704 465 2784 poeta
492 2687 702 2773 aestimabat,
725 2705 760 2759 et
781 2687 886 2759 illum
914 2685 1078 2772 iuvabat,
1106 2689 1134 2760 si
1160 2712 1224 2760 sua
1255 2689 1413 2760 carmina

183 2808 302 2905 puella
322 2810 508 2905 probasset
527 2812 587 2905 (ll,
609 2832 662 2900 13,
684 2813 757 2905 12).
778 2812 819 2881 Ei
836 2812 933 2882 enim
959 2812 1098 2908 ingenii
1125 2810 1307 2882 subtilitas
1336 2834 1411 2882 non

182 2930 307 3016 defuit,
326 2956 444 3028 neque
458 2933 569 3030 lepidi
585 2935 765 3006 sermonis
785 2933 983 3029 elegantia,
1001 2934 1099 3029 quod
1119 2957 1245 3005 versus
1260 2934 1285 3018 Ι,
1304 2958 1335 3022 2,
1354 2957 1410 3027 29,

184 3069 359 3127 testatur:
861 3085 864 3090 ·

390 3263 506 3336 Unica
533 3287 599 3335 nec
626 3263 718 3336 desit
745 3263 914 3337 iocundis
941 3266 1053 3362 gratia
1078 3264 1206 3337 verbis

257 3419 515 3514 [Marklandus
531 3419 718 3515 :facundis
740 3421 843 3493 falso.
863 3423 977 3494 Verbis
995 3421 1109 3507 NAF;
1130 3375 1228 3494 dictis
1243 3421 1338 3516 Du]

232 3657 319 3729 Haec
329 3674 437 3753 atque
453 3658 538 3730 talia
559 3661 803 3733 consideranti
825 3663 862 3732 in
884 3677 1046 3751 mentem
1072 3663 1172 3733 venit
1198 3662 1413 3757 Sempronia

182 3779 246 3852 illa
266 3779 495 3862 Sallustiana,
526 3781 569 3854 de
596 3808 668 3878 qua
697 3785 734 3854 in
766 3783 933 3868 Catilinae
962 3784 1212 3855 coniuratione
1231 3785 1325 3879 (cap.
1349 3784 1414 3878 25)

218 4079 262 4148 (1)
282 4077 392 4145 Confer,
409 4081 430 4132 si
445 4092 528 4147 vacat,
551 4098 609 4152 quae
625 4081 745 4134 Catullus
765 4082 797 4134 de
825 4099 871 4135 sua
893 4082 989 4136 Lesbia
1013 4081 1122 4146 scribit;
1146 4082 1243 4133 mirum
1259 4081 1286 4133 in
1301 4081 1413 4134 modum

183 4185 245 4221 cum
259 4166 311 4235 his,
327 4184 391 4239 quae
407 4169 440 4222 de
455 4170 578 4241 ingenuis
593 4169 717 4241 Cyntlriae
729 4171 835 4223 dotibus
849 4187 942 4223 sumus
957 4169 1048 4235 locuti,
1072 4182 1223 4242 congruunt
1242 4169 1372 4240 (Rostand
1387 4182 1413 4223 et

183 4257 301 4320 Benoist,
322 4257 366 4310 Via
379 4258 408 4310 de
423 4256 533 4328 Catulle,
549 4277 575 4329 p.
592 4259 661 4327 LII).

217 4362 260 4436 (2)
280 4362 321 4416 De
335 4378 415 4417 versu
429 4379 472 4427 22,
489 4382 551 4417 cum
570 4382 661 4436 pravas
680 4365 738 4418 libri
753 4366 879 4420 lectiones
898 4366 1041 4436 praebeant,
1063 4367 1131 4419 inter
1150 4365 1220 4419 viros
1241 4365 1333 4419 doctos
1357 4381 1412 4418 non

184 4463 296 4508 constat.
313 4452 368 4508 Alii
383 4452 434 4507 alia
448 4454 627 4509 coniecerunt.
