3398 5468
637 1149 842 1234 CAPUT
882 1149 942 1234 ΙΙΙ

382 1727 467 1831 ne
521 1665 853 1834 nuouuu
910 1727 1211 1832 natura

231 2117 441 2213 Antequam
487 2115 531 2189 de
570 2115 677 2189 rebus
712 2117 827 2213 magis
870 2117 907 2188 in
947 2115 1086 2189 lubrico
1122 2117 1212 2201 sitis,
1246 2115 1410 2191 dicendis

184 2255 317 2325 tamen,
350 2238 470 2335 aliqua
515 2238 696 2323 nondum,
741 2263 798 2311 me
826 2238 975 2335 quidem
1012 2238 1141 2324 iudice,
1171 2241 1257 2311 satis
1292 2246 1411 2338 aperte

183 2362 355 2459 explicata
377 2361 579 2447 devolvam,
609 2386 720 2459 pauca
745 2361 835 2434 mihi
863 2360 1043 2458 praefanda
1076 2378 1173 2435 sunt.
1197 2363 1282 2436 Non
1311 2362 1410 2435 hunc

183 2487 404 2584 inpraesenti
425 2488 538 2583 capite
559 2485 650 2557 mihi
674 2486 787 2558 finem
823 2486 1007 2581 proposui,
1050 2501 1090 2558 ut
1125 2486 1162 2556 in
1196 2510 1278 2559 meo
1310 2488 1410 2583 operi

184 2632 310 2706 parum
332 2609 565 2681 convenienti
591 2607 735 2682 lascivia
756 2607 1000 2693 debaccharer,
1032 2632 1150 2704 neque
1179 2624 1219 2681 ut
1248 2633 1411 2704 quorun-

184 2731 267 2804 dam
295 2730 474 2804 leviorum
511 2730 699 2816 lectorum,
739 2755 897 2828 quorum
944 2732 1160 2829 opinionem
1195 2756 1270 2803 non
1313 2756 1410 2817 cur0,

184 2853 362 2950 voluptati
384 2853 616 2940 lenocinarer,
643 2853 704 2927 sed
732 2869 771 2926 ut
791 2879 841 2934 ea,
874 2877 955 2950 quae
987 2877 1069 2926 vera
1098 2860 1175 2926 esse
1196 2870 1297 2952 puto,
1326 2878 1411 2926 vero

183 2977 308 3049 animo
329 2960 587 3072 expromerem.
610 2976 780 3050 Ceterum
801 2975 845 3049 de
862 2975 918 3048 his
934 2977 1019 3049 satis
1037 3003 1042 3046 :
1062 2977 1209 3079 res'ipsa
1230 2975 1410 3073 loquetur,

185 3123 266 3195 quae
287 3098 490 3197 plurimum
512 3098 617 3173 valet.
811 3112 813 3118 ’

231 3223 406 3294 Naturam
425 3245 594 3295 amorum
620 3221 807 3304 illustrare,
825 3221 861 3295 id
882 3237 935 3294 est
958 3220 1124 3305 modum,
1149 3245 1225 3316 quo
1252 3223 1346 3294 inter
1375 3246 1412 3294 se

183 3363 345 3417 amantes
383 3345 548 3431 vixerint,
583 3361 743 3418 accurate
795 3344 945 3418 definire
991 3343 1176 3417 volumus.
1230 3344 1410 3417 Ordinem

184 3467 371 3553 librorum,
394 3491 503 3564 quern
533 3467 643 3541 simul
667 3484 876 3564 temporum
909 3466 1076 3540 ordinem
1101 3490 1179 3539 esse
1205 3466 1411 3551 docuimus,

186 3615 396 3688 smmmm.
630 3576 633 3583 ¹
1270 3671 1274 3680 ,

233 3711 474 3787 Indicandum
491 3714 651 3808 primum
677 3738 751 3810 quo
783 3712 895 3786 modo
929 3729 964 3786 et
995 3710 1136 3809 quade
1168 3736 1273 3785 causa
1311 3722 1414 3786 amor

187 3837 283 3909 nasci
311 3838 479 3932 potuerit.
509 3837 604 3909 Puto
632 3861 693 3933 per
718 3837 929 3930 Lycinnam.
957 3837 985 3907 E
1011 3836 1069 3920 111,
1094 3857 1132 3931 15
1164 3836 1204 3908 fit
1224 3819 1412 3909 verisimil-

185 3957 318 4031 limum
345 3959 545 4053 Lycinnam
566 3958 736 4053 Cynthiae
773 3959 884 4031 fuisse
905 3982 1054 4042 servam,
1077 3983 1160 4031 cum
1182 3960 1260 4031 eius
1279 3983 1298 4033 a
1319 3959 1413 4055 Cyn·

184 4080 260 4154 thia
286 4097 420 4154 vexatae
440 4081 586 4155 fortuna
608 4106 691 4155 cum
708 4083 854 4156 fortuna
870 4082 1042 4178 Antiopae
1059 4083 1274 4170 conferatur,
1302 4106 1412 4179 quam

184 4203 360 4278 famulam
380 4206 484 4278 Dirce
506 4207 629 4301 pensis
644 4207 781 4302 iniquis
804 4207 1005 4278 oneraverit
1020 4208 1071 4300 (v.
1099 4208 1170 4300 15).
1191 4195 1311 4301 ‘Atqui
1337 4226 1412 4276 non

186 4343 240 4399 est
256 4326 440 4423 probabile
461 4327 660 4422 Cynthiam
685 4353 763 4401 earn
786 4327 854 4400 sibi
876 4331 1067 4424 posterius,
1086 4327 1121 4399 id
1142 4345 1195 4401 est
1217 4343 1411 4424 postquam

187 4450 414 4546 Propertium
449 4449 612 4523 adamare
641 4452 831 4546 inceperat,
859 4474 998 4523 servam
1029 4452 1216 4546 paravisse,
1252 4474 1360 4546 quam
1395 4474 1413 4521 a
