3398 5468
746 564 942 642 -15..

231 737 391 836 Augusti
432 734 661 807 mentionem
708 735 795 820 fieri,
837 758 909 830 qua
942 736 1100 809 Romani
1146 761 1297 810 uxorem
1333 738 1461 811 ducere

233 874 457 960 cogerentur.
502 857 586 943 Cur,
618 858 647 929 si
683 881 759 929 non
795 859 958 930 maritata
991 856 1151 952 Cynthia
1187 859 1325 945 fuisset,
1356 855 1462 958 poeta

233 1010 313 1059 eam
340 1006 490 1062 uxorem
517 1005 592 1052 non
615 979 802 1053 duxisset?
834 980 894 1066 At,
923 980 1009 1053 dicit
1038 981 1275 1081 Herzbergus,
1296 985 1463 1057 meretrix

233 1107 313 1180 fuit.
344 1103 412 1178 Sed
440 1103 649 1199 Propertius
665 1126 769 1174 suam
802 1103 955 1174 amicam
981 1105 1120 1201 avagis
1140 1105 1349 1202 vilibusque
1365 1103 1463 1203 puel-

234 1227 279 1301 lis
316 1228 360 1324 (Ι,
402 1241 432 1319 5,
475 1249 520 1322 7;
557 1227 597 1310 ΙΙ,
640 1247 698 1316 24,
744 1227 783 1321 9)
821 1225 1003 1314 discernit,
1051 1226 1094 1298 ab
1132 1228 1187 1312 iis,
1225 1252 1307 1324 quae
1345 1227 1463 1326 palam

235 1366 417 1447 quaestum
460 1372 609 1446 corpore
634 1347 801 1433 fecerant,
836 1372 925 1443 quas
950 1349 1122 1446 ingenuis
1152 1338 1304 1447 sponsas
1335 1375 1464 1424 uxores

236 1471 365 1546 habere
390 1472 469 1570 lege
494 1487 566 1545 erat
591 1470 825 1544 interdictum
858 1469 961 1567 (Uip.
985 1472 1010 1556 Ι,
1051 1494 1108 1563 43,
1141 1474 1199 1568 1);
1226 1488 1270 1558 et,
1300 1475 1408 1546 etiam
1434 1474 1464 1546 si

236 1594 413 1669 concedas
455 1592 654 1688 Cynthiam
706 1593 817 1666 vilem
860 1593 1020 1691 puellam
1064 1595 1186 1680 fuisse,
1236 1613 1342 1693 poeta
1385 1621 1464 1669 eam

237 1717 380 1815 publice
415 1718 555 1812 riteque
583 1715 829 1789 concubinatu
854 1714 923 1789 sibi
951 1717 1100 1814 iungere
1123 1734 1262 1815 poterat
1288 1719 1465 1815 (Marxius
1556 1803 1558 1814 Ι

238 1869 273 1942 p.
308 1845 385 1939 49).
414 1845 537 1918 Restat
568 1841 684 1914 solam
716 1842 838 1915 uxoris
866 1842 1123 1915 condicionem
1153 1842 1322 1937 Cynthiae
1356 1845 1466 1940 impe·

237 1966 404 2039 dimento
437 1965 564 2049 fuisse,
591 1965 794 2061 quominus
824 1980 940 2062 poetae
974 1962 1134 2039 nuberet.

286 2089 362 2161 Iam
404 2087 612 2184 Propertius
658 2087 723 2182 (ΙΙ,
775 2109 833 2177 32,
879 2089 960 2183 45),
1007 2087 1050 2160 de
1099 2086 1264 2162 moribus
1297 2087 1466 2184 Cynthiae

238 2210 405 2307 loquens,
433 2208 511 2283 haec
542 2209 690 2283 scribit:

360 2409 448 2480 Haec
474 2405 599 2480 eadem
626 2422 709 2481 ante
736 2405 837 2480 illam
865 2408 1016 2504 impune
1043 2424 1078 2480 et
1104 2406 1231 2481 Lesbia
1256 2409 1350 2494 fecit

239 2606 337 2709 unde
367 2606 497 2678 merito
522 2604 719 2678 concludas
752 2604 916 2678 Lesbiam
947 2621 982 2677 et
1005 2604 1204 2699 Cynthiam
1231 2604 1355 2679 eadem
1387 2630 1469 2677 con·

239 2730 383 2802 dicione
412 2727 541 2801 eodem
572 2728 685 2801 modo
712 2729 855 2801 vixisse.
878 2728 995 2825 Atqui
1020 2753 1159 2814 eorum,
1190 2730 1252 2824 qui
1281 2729 1320 2800 in
1349 2727 1469 2802 Catul-

239 2851 345 2926 lianis
361 2829 779 2948 versibusexpianandis
801 2853 929 2925 versati
951 2867 1049 2937 sunt,
1070 2852 1187 2923 maior
1205 2876 1283 2948 pars
1303 2852 1467 2925 Lesbiam

240 3001 319 3051 eam
344 2979 449 3073 (vero
481 2978 633 3049 nomine
666 2976 854 3071 Clodiam)
875 3000 959 3049 cum
978 2974 1091 3069 Baylo
1112 2991 1234 3047 censet
1255 2976 1467 3064 maritatam,

240 3102 357 3173 immo
373 3100 451 3173 noti
468 3097 588 3172 Clodii
605 3123 767 3173 sororem
796 3099 908 3172 fuisse
932 3098 1033 3193 (vide
1061 3097 1224 3172 Rostand
1247 3116 1282 3171 et
1307 3099 1468 3182 Benoist‚

240 3221 376 3296 Introd.
403 3247 437 3320 p.
469 3223 656 3318 XLVIII);
694 3222 861 3319 quamuis
891 3223 928 3293 in
969 3220 1148 3294 horrenda
1179 3221 1314 3318 relapsa
1348 3221 1405 3307 sit,
1440 3221 1469 3293 si

241 3346 387 3421 Catullo
431 3344 663 3430 credendum,
712 3346 776 3442 qui
819 3344 918 3417 iliam
956 3370 995 3418 ea
1032 3345 1146 3442 egisse
1184 3344 1346 3428 affirmat,
1388 3368 1470 3440 quae

139 3518 142 3524 -
241 3469 367 3543 referre
395 3467 508 3566 pudet
534 3467 631 3564 (Cat.
657 3470 729 3563 58).
752 3469 804 3540 Ex
832 3467 939 3541 altera
955 3484 1052 3565 parte
1069 3465 1250 3541 Iuvenalis
1265 3467 1392 3561 (initio
1411 3489 1471 3538 sex

242 3609 287 3666 tae
305 3593 440 3688 satirae)
460 3616 654 3689 pauperem
676 3615 827 3665 uxorem
848 3609 1063 3664 montanam
1086 3589 1280 3686 impudicis
1300 3588 1471 3684 Cynthiae

242 3731 277 3788 et
295 3715 432 3790 Lesbiae
447 3715 603 3813 opponit
620 3741 627 3787 :
805 3708 808 3715 ’

486 3912 584 3986 haud
616 3911 747 3985 similis
775 3912 853 3998 tibi,
889 3910 1059 4006 Cynthia,
1084 3935 1151 3983 nec
1175 3910 1241 3983 tibi
1270 3911 1374 3988 cuius

416 4035 594 4109 Turbavit
616 4033 754 4107 nitidos
777 4036 976 4109 exstinctus
997 4049 1114 4131 passet
1140 4032 1299 4119 ocellos;

242 4232 340 4307 unde
370 4234 513 4331 optimo
538 4234 615 4305 iure
650 4231 815 4329 colligas,
837 4255 922 4304 cum
949 4233 1051 4304 uxori
1078 4232 1225 4317 uxores,
1253 4255 1329 4302 non
1363 4253 1472 4303 mere-

242 4344 348 4430 trices
385 4358 459 4430 sint
485 4354 726 4452 opponendae,
763 4371 798 4427 et
835 4354 1012 4441 Lesbiam,
1044 4372 1078 4428 ot
1110 4379 1200 4440 eam,
1238 4354 1281 4427 de
1313 4378 1384 4449 qua
1414 4350 1474 4423 hic

244 4481 372 4578 agitur,
401 4467 727 4574 Cynthiamfuisse
754 4479 945 4552 maritatas.
