3398 5468
734 541 954 608 -108-

232 724 512 818 Nonnunquam
533 723 615 795 duae
636 722 857 818 metaphorae
878 725 1093 819 iunguntur,
1111 721 1167 807 Ill,
1183 744 1216 813 9,
1231 745 1362 815 29-30:

349 923 465 995 Parcis
486 939 523 995 et
540 924 576 994 in
596 939 727 995 tenues
747 920 929 993 humilem
950 937 984 994 te
1005 920 1147 1018 colligis
1167 920 1346 1007 umbram,

426 1047 602 1121 Velorum
625 1047 755 1143 plenos
776 1045 957 1119 subtrahis
978 1047 1054 1140 ipse
1072 1047 1185 1117 sinus.

233 1249 386 1321 Constat
417 1250 528 1345 igitur
556 1265 700 1343 poetam
734 1248 776 1320 ad
807 1247 1036 1344 metaphoras
1072 1247 1261 1344 fingendas
1290 1246 1347 1319 vel
1376 1263 1462 1318 trac-

233 1372 358 1444 tandas
385 1370 440 1443 vel
466 1370 654 1443 variandas
679 1394 755 1443 non
780 1372 927 1466 inopem
953 1371 1075 1456 fuisse,
1099 1387 1134 1443 et
1163 1372 1272 1442 etiam
1300 1368 1460 1466 aliquam

233 1494 489 1566 obscuritatem
521 1516 793 1588 nonnunquam
825 1517 866 1564 ex
893 1492 953 1564 illa
982 1493 1059 1589 ipsa
1087 1492 1308 1565 abundantia
1337 1493 1461 1565 venire

232 1616 333 1713 (vide
363 1641 416 1688 ex,
442 1642 475 1712 g.
500 1617 647 1687 initium
675 1615 799 1712 elegiae
826 1616 883 1699 ΙΙΙ,
911 1638 939 1699 1,
965 1614 1026 1686 ubi
1052 1615 1307 1687 translationes
1336 1639 1462 1688 cumu-

233 1740 380 1834 lantur).

282 1864 451 1936 Ceterum
475 1861 539 1933 has
566 1857 794 1956 metaphoras
820 1887 895 1932 non
920 1878 1094 1956 tanquam
1124 1885 1220 1934 mera
1245 1878 1460 1934 ornamenta

233 1983 437 2081 usurpabat,
460 1984 519 2055 sed
542 1984 583 2055 ad
606 2008 708 2055 suam
730 1985 947 2055 sententiam
969 1983 1104 2054 maiore
1121 1984 1155 2054 vi
1176 1983 1459 2083 exprimendam.

231 2111 318 2180 Eius
339 2109 529 2180 sententiis
549 2124 583 2179 et
603 2106 720 2178 verbis
741 2109 795 2179 vis
818 2107 983 2203 quaedam
1005 2105 1199 2203 singularis
1217 2107 1327 2190 inest,
1349 2131 1461 2202 quam

232 2256 362 2303 omnes
387 2233 463 2302 iure
485 2231 649 2303 admirati
675 2247 772 2301 sunt.
794 2229 952 2323 Cynthia
979 2254 1053 2301 non
1080 2231 1157 2301 eius
1182 2246 1325 2301 tanturn
1347 2232 1461 2302 vitam

232 2372 358 2439 versat,
379 2355 439 2427 sed
460 2354 534 2448 (Ill,
556 2377 608 2437 11,
626 2355 667 2447 2)

576 2547 685 2619 trahit
705 2547 888 2619 addictum
911 2546 978 2620 sub
1000 2572 1065 2618 sua
1085 2549 1169 2643 iuga
1188 2549 1336 2620 uiruma

232 2746 307 2817 Viri
329 2747 467 2828 frustra,
489 2761 529 2816 ut
550 2769 651 2817 suam
674 2746 784 2817 vitam
807 2762 958 2829 seruent,
976 2769 1013 2816 se
1033 2768 1121 2816 auro
1142 2760 1176 2816 et
1196 2768 1263 2816 aere
1283 2745 1461 2830 condunt,

231 2870 306 2963 (ΙΙΙ,
327 2871 379 2950 18,
394 2870 460 2962 26)

403 3066 502 3137 Mors
521 3082 642 3136 tamen
665 3064 847 3136 inclusum
872 3066 1045 3160 protrahit
1066 3065 1150 3138 inde
1171 3084 1286 3163 caput.

232 3264 281 3336 Ut
297 3263 476 3358 significet
493 3250 530 3333 se
547 3287 621 3333 non
637 3263 707 3332 iarn
726 3281 828 3333 suam
839 3261 1002 3356 puellam
1024 3287 1100 3335 esse
1116 3263 1391 3349 celebraturum,
1410 3266 1461 3336 sic

232 3385 360 3458 scribet
379 3386 418 3469 ΙΙ,
441 3409 493 3468 11,
512 3410 549 3458 2:
605 3394 607 3397 ’

452 3580 598 3664 Laudet,
621 3582 682 3676 qui
705 3580 814 3652 sterili
835 3584 974 3653 semina
993 3583 1097 3677 ponit
1118 3581 1246 3654 humo.

232 3778 332 3873 Saepe
354 3777 414 3849 illa
433 3779 488 3849 vis
509 3802 585 3848 uno
604 3776 715 3849 verbo
738 3779 967 3873 exprimitur:

378 3981 417 4063 ΙΙ,
450 4000 479 4075 5,
508 4004 562 4070 4³·
575 3981 618 4050 Et
639 3979 746 4051 nobis
766 3979 901 4076 aliquo
923 3977 1092 4072 Cynthia,
1113 3995 1245 4051 ventus
1265 3980 1340 4050 erit.

378 4104 402 4186 Ι,
451 4125 481 4188 2,
510 4127 553 4192 4:
575 4103 700 4198 Teque
722 4103 918 4198 peregrinis
937 4100 1090 4198 vendere
1112 4101 1336 4174 muneribus.

280 4304 355 4375 Illis
375 4306 411 4375 in
433 4304 587 4375 dicendo
609 4305 726 4375 nervis
747 4320 867 4375 tamen
890 4319 1100 4398 opportuno
1122 4302 1203 4374 loco
1227 4319 1457 4376 venustatem

231 4425 430 4498 substituit.
457 4427 552 4498 Cum
578 4426 621 4498 de
647 4425 766 4522 puella
795 4428 832 4497 in
856 4425 973 4522 gelida
996 4424 1113 4518 lllyria
1138 4427 1282 4521 vaganti
1312 4425 1457 4521 cogitat,
