3398 5468
233 769 343 840 quam
359 743 542 840 Vergilius
568 768 716 839 quoque
733 768 860 840 passus
886 756 950 830 est,
967 769 1066 816 anno
1093 770 1121 816 a.
1141 744 1181 816 C.
1200 770 1234 815 n.
1254 767 1311 835 41,
1330 769 1463 842 magna

235 869 418 941 bonorum
438 891 591 939 suorum
612 883 709 963 parte
727 883 781 940 est
797 867 974 964 spoliatus
1000 869 1078 962 (IV,
1113 845 1146 953 Ι,
1169 892 1237 961 130
1260 893 1266 938 :
1298 867 1464 940 Abstulit

234 990 393 1064 excultas
409 991 540 1086 pertica
560 991 672 1062 tristis
693 992 810 1086 opes),
837 992 927 1062 etin
957 1007 1086 1063 tenues
1106 993 1210 1063 Lares
1243 1008 1388 1063 coactus
1409 1009 1463 1064 est

232 1114 332 1210 (ibid.
356 1137 389 1186 v.
417 1114 512 1208 128).
534 1115 575 1204 11,
599 1136 654 1204 34,
678 1133 737 1204 55,
767 1113 854 1186 dicit
881 1112 949 1185 sibi
973 1138 1116 1209 parvam
1144 1113 1245 1185 domi
1277 1114 1462 1186 fortunam

232 1261 310 1309 esse
339 1235 511 1307 relictam.
547 1235 802 1308 Nihilominus
835 1236 1054 1315 credendum
1089 1252 1142 1308 est
1178 1260 1253 1307 non
1283 1234 1388 1307 illum
1424 1238 1462 1307 in

233 1373 428 1454 angustam
463 1358 671 1452 pauperiem
699 1358 811 1430 fuisse
840 1357 1041 1429 detrusum.
1072 1358 1217 1429 Etenim
1237 1358 1278 1440 11,
1307 1357 1389 1446 arb,
1419 1359 1465 1445 38

234 1480 395 1575 legitur:

698 1680 891 1772 ‘quamvis
919 1676 1007 1749 haut
1034 1680 1082 1750 ita
1108 1679 1208 1750 dives
1235 1702 1310 1749 eras

236 1897 373 1993 [navita
396 1896 442 1980 O,
468 1895 640 1983 absurde;
663 1920 740 1968 non
766 1899 824 1982 ita,
851 1898 1062 1988 Pontanus;
1087 1898 1176 1970 haut
1195 1900 1254 1984 ita,
1278 1899 1463 1970 Heinsius.

234 2020 396 2114 Utraque
428 2020 633 2092 coniectura
663 2019 868 2115 probanda;
896 2019 1064 2102 alterutra
1093 2037 1185 2093 certe
1214 2022 1320 2117 vera].
1344 2021 1465 2092 lame

232 2143 339 2214 variis
362 2141 463 2227 locis,
479 2144 549 2237 'qui
570 2143 662 2214 infra
682 2143 886 2228 afferentur,
907 2144 949 2215 fit
969 2145 1206 2226 manifestum
1235 2143 1331 2216 haud
1352 2141 1465 2215 semel

234 2265 431 2359 Cynthiam
465 2265 508 2337 ab
539 2264 603 2337 illo
641 2267 797 2361 pretiosa
829 2290 981 2338 munera
1004 2269 1199 2363 accepisse.
1229 2267 1380 2340 Certum
1412 2282 1466 2338 est

234 2388 340 2460 illum
378 2404 413 2459 et
451 2405 534 2460 ante
570 2404 605 2461 et
637 2404 720 2483 post
759 2386 909 2460 liberam
943 2405 1067 2486 togam
1098 2407 1180 2462 ante
1215 2391 1338 2462 matris
1377 2389 1465 2461 deos

235 2528 421 2608 sumptam
436 2512 515 2606 (IV,
535 2535 563 2595 r,
581 2513 669 2605 132)
684 2535 782 2582 anno
798 2512 935 2583 circiter
951 2515 1099 2605 724s30‚
1116 2514 1255 2608 optime
1270 2511 1465 2584 educatum

235 2649 271 2705 et
301 2634 437 2706 liberali
463 2633 576 2706 modo
606 2633 714 2706 bonis
740 2632 876 2705 artibus
905 2635 1016 2707 fuisse
1041 2635 1239 2720 imbutum,
1263 2634 1363 2730 quod
1387 2636 1465 2707 eius

236 2758 393 2828 carmina
409 2771 597 2840 testantur,
612 2771 647 2827 et
662 2779 790 2850 parum
805 2754 963 2828 abfuisse
977 2759 1067 2852 quin
1084 2757 1287 2830 causidicus
1303 2757 1466 2836 evaderet

234 2879 310 2969 (IV,
329 2902 358 2963 1,
374 2880 473 2973 134).
488 2877 692 2951 Verisimile
707 2894 761 2950 est
776 2877 819 2949 ad
833 2877 926 2950 hanc
941 2879 1169 2953 educationis
1182 2881 1296 2952 finem
1313 2895 1465 2952 matrem

234 3025 319 3072 eum
339 3002 495 3074 Romam
516 2999 732 3085 traduxisse,
755 2998 817 3071 ubi
844 3017 989 3095 poetam
1010 3027 1108 3074 anuo
1134 3006 1270 3098 725l29
1296 3003 1348 3098 (¹)
1370 3004 1467 3074 inve·
1559 3073 1560 3077 ,

80 3104 82 3108 ’
140 3213 142 3215 ¹
237 3127 370 3198 nimus.

283 3247 317 3318 A
343 3249 504 3341 Lycinna
519 3247 685 3343 quadarn,
705 3251 765 3319 vix
791 3265 938 3344 sumpta
957 3246 1051 3320 virili
1074 3265 1168 3345 toga,
1186 3250 1338 3322 Veneris
1359 3249 1465 3320 sacris
1482 3296 1500 3342 ,

235 3370 305 3441 fuit
326 3368 491 3440 initiatus
512 3369 586 3463 (HI,
608 3387 662 3462 15,
683 3371 778 3463 3·6):

336 3589 385 3660 Ut
413 3587 504 3659 mihi
531 3604 709 3684 praetextae
736 3587 854 3684 pudor
880 3605 932 3660 est
959 3587 1103 3660 velatus
1130 3590 1264 3661 amictu
1291 3589 1357 3683 (²),

437 3713 486 3795 Et,
507 3710 587 3783 data
614 3710 757 3783 libertas
785 3735 932 3783 noscere
959 3711 1092 3786 amoris
1119 3713 1195 3797 iter,

335 3833 399 3906 llla
426 3833 533 3906 rudes
559 3835 703 3905 animos
731 3857 792 3928 per
819 3850 944 3906 noctes
971 3835 1115 3906 conscia
1143 3835 1276 3930 primas

433 3955 571 4027 lmbuit
598 3955 671 4027 heu
699 3955 809 4028 nullis
836 3972 937 4052 capta
962 3957 1123 4050 Lycinna
1149 3955 1251 4030 datis.

273 4278 316 4346 (1)
337 4276 364 4330 Si
380 4287 531 4345 temporum
546 4274 669 4328 ordinem
684 4273 873 4328 Plessisianum
886 4275 1030 4346 sequimur.

274 4384 316 4451 (2)
337 4383 452 4435 Versum
474 4398 501 4451 3,
520 4380 640 4434 horribili
660 4381 743 4434 modo
762 4392 902 4447 vexatum,
924 4399 957 4435 eo
976 4380 1058 4433 modo
1078 4381 1164 4433 scribo
1183 4397 1237 4451 quo
1256 4398 1270 4433 a
1290 4381 1320 4434 L.
1337 4379 1467 4434 Muellero

238 4472 305 4548 typis
320 4471 459 4524 mandatus
473 4484 520 4529 est.
538 4472 669 4527 Ceterum
684 4470 717 4526 de
731 4487 811 4527 sensu
826 4487 882 4524 non
897 4469 1057 4525 dissentitur.
