3398 5468
836 548 1032 616 ..85..

317 735 454 816 insunt,
471 756 553 827 quae
568 731 723 828 perbene
739 734 941 828 composita
956 733 1032 804 iure
1043 730 1184 814 dixeris,
1201 757 1251 803 ex.
1271 756 1304 828 g.
1323 755 1355 816 a,
1369 755 1396 823 3·
1407 734 1548 828 (excep-

271 836 272 839 ,
317 857 362 926 tis
389 855 512 926 decem
542 856 709 926 extremis
734 854 926 949 versibus),
953 872 982 948 5,
1006 877 1023 946 7
1045 850 1128 948 (ubi
1156 853 1231 926 duo
1262 856 1411 926 extremi
1439 871 1547 928 sextae

317 978 440 1075 elegite
455 1001 579 1050 versus
598 979 635 1049 in
652 977 780 1049 lacuna
794 977 971 1062 Muelleri‚
988 979 1113 1049 invitis
1130 976 1333 1062 nonnullis,
1349 978 1547 1072 recipiendi

317 1103 432 1195 sunt),
462 1124 514 1184 11,
541 1124 597 1185 12,
625 1125 666 1191 14
686 1103 788 1197 (quae
811 1102 1024 1196 tripartitam
1046 1099 1266 1172 divisionem
1290 1101 1437 1196 recipit;
1461 1125 1547 1172 nam

318 1224 522 1320 GruppiuS‚
550 1225 612 1318 qui
640 1248 696 1293 vv.
721 1245 825 1295 11-12
847 1222 1047 1294 reiciendos
1080 1224 1221 1294 censuit
1241 1223 1390 1317 [Minos
1408 1248 1440 1319 p.
1465 1240 1546 1317 509,

317 1346 399 1418 vide
416 1345 622 1429 Weberum
637 1370 670 1441 p.
687 1346 754 1440 3o],
766 1362 885 1440 aperte
897 1347 1035 1429 erravit,
1048 1362 1137 1417 teste
1149 1347 1268 1440 primo
1280 1344 1402 1439 libro),
1422 1364 1473 1440 15,
1492 1349 1547 1431 16,

322 1466 374 1562 17,
401 1492 453 1560 19,
473 1483 518 1540 '20
537 1485 603 1540 etc.
625 1451 717 1540 Illud
740 1485 861 1540 tamen
880 1469 1070 1540 fatendum
1093 1493 1168 1540 non
1197 1468 1366 1553 eundem,
1383 1484 1491 1564 atque
1508 1469 1547 1543 in

235 1618 237 1623 ¹
317 1593 436 1687 primo
453 1590 557 1674 libro,
575 1592 612 1686 in
629 1590 791 1661 secundo
811 1614 888 1661 esse
904 1589 1081 1661 ordinem.
1110 1591 1263 1686 Excepta
1290 1589 1403 1686 elegia
1431 1613 1473 1680 14
1507 1592 1547 1665 in

318 1713 498 1809 plerisque
523 1711 648 1809 elegiis
682 1711 741 1783 hic
770 1728 823 1784 est
850 1712 951 1795 ordo,
982 1727 1023 1782 ut
1050 1736 1092 1782 ex
1126 1736 1199 1783 una
1228 1713 1407 1784 sententia
1438 1710 1551 1784 altera

318 1852 493 1915 nascatur,
515 1852 555 1916 ut
576 1850 682 1931 poeta
702 1859 790 1919 non,
803 1834 903 1906 velut
915 1834 1000 1906 orbe
1014 1835 1181 1930 perfecto
1194 1834 1399 1914 adinitium
1417 1833 1547 1919 redeat,

318 1958 379 2030 sed
396 1982 537 2053 semper
554 1957 647 2030 ultra
660 1958 828 2053 procedat
845 1983 852 2042 ;
868 1973 907 2029 ut
924 1959 960 2028 in
980 1958 1064 2042 fine,
1083 1959 1251 2053 quamvis
1281 1955 1471 2028 conclusio
1503 1956 1549 2028 ab

318 2082 424 2152 initio
442 2080 606 2176 pendeat,
633 2082 718 2152 satis
735 2080 859 2175 procul
877 2103 971 2175 saepe
987 2095 1056 2151 stet
1079 2079 1122 2150 ab
1148 2080 1266 2162 initi0,
1292 2094 1332 2150 ut
1356 2080 1550 2151 sententiae

319 2219 500 2287 catenatae,
515 2227 590 2274 non
606 2205 678 2274 iam
690 2204 786 2275 iuxta
800 2204 927 2298 positae
944 2227 1020 2274 esse
1031 2202 1232 2274 videantur.
1247 2203 1308 2272 Ex.
1321 2227 1367 2297 g.,
1383 2201 1419 2272 in
1434 2199 1551 2297 elegia

319 2351 350 2411 2,
368 2351 492 2400 versus
511 2348 594 2417 5-14
619 2351 637 2398 a
656 2325 836 2398 vocabulo
848 2327 954 2421 facies
975 2327 1027 2420 (v.
1048 2335 1090 2419 3)
1111 2315 1285 2421 pendent,
1303 2342 1337 2396 et
1357 2324 1550 2397 conclusio

320 2475 395 2521 non
424 2448 467 2521 de
494 2469 610 2544 poetae
632 2449 792 2520 libertate
822 2464 957 2531 tractat,
992 2446 1089 2519 unde
1111 2447 1228 2544 ‚elegia
1256 2449 1435 2545 originem
1455 2449 1552 2544 cepit

318 2575 369 2667 (v.
398 2575 448 2666 1),
474 2570 536 2643 sed
565 2570 608 2643 de
639 2571 808 2665 Cynthiae
841 2570 1122 2666 pulchritudine,
1153 2595 1234 2665 quae
1264 2569 1387 2668 elegiae
1417 2550 1551 2667 corpus

320 2696 437 2765 efficit.
459 2693 560 2765 Idem
582 2693 650 2764 dici
672 2710 791 2788 potest
811 2694 855 2765 de
878 2693 991 2790 elegia
1011 2695 1124 2777 tertia,
1156 2717 1260 2765 versu
1287 2716 1332 2783 44
1364 2694 1477 2764 finita.
1506 2694 1549 2765 In

319 2817 433 2913 elegia
447 2837 470 2916 Ι5
494 2817 706 2899 doctiorem,
723 2840 833 2911 quam
851 2818 887 2887 in
909 2817 1028 2911 primo
1046 2815 1149 2899 libro,
1171 2815 1338 2887 ordinem
1359 2817 1543 2892 invenies

248 2971 252 2978 ·
320 2941 384 3010 Hae
412 2955 499 3011 sunt
529 2940 627 3010 enim
650 2940 839 3011 sententiae
862 2966 868 3010 ;
899 2939 956 3009 Tu
977 2940 1069 3009 vivis
1090 2955 1208 3033 aperta
1225 2939 1397 3033 nequitia.
1414 2938 1492 3034 Ego
1514 2955 1552 3011 te

320 3062 535 3158 relinquam,
554 3061 609 3133 vel
626 3064 761 3156 potius
776 3063 805 3133 si
822 3064 949 3158 pergis,
966 3061 1009 3132 de
1027 3078 1061 3133 te
1080 3060 1251 3133 scribam:
1270 3060 1429 3154 Cynthia
1441 3060 1552 3134 verba

321 3183 426 3257 levis.
459 3185 640 3256 Naturalis
666 3184 725 3255 hic
744 3185 834 3256 ordo
857 3203 920 3256 est.
949 3186 1061 3256 Poeta
1095 3186 1256 3279 primum
1281 3184 1392 3255 iratus
1419 3184 1553 3256 ultima

321 3332 395 3379 suae
415 3307 545 3403 puellae
557 3310 725 3391 minatur,
740 3332 825 3378 mox
841 3308 1027 3402 resipiscit,
1037 3325 1070 3378 et
1084 3306 1127 3378 ad
1145 3305 1424 3378 moderatiorem
1440 3305 1552 3379 ultio-

323 3455 406 3501 nem
425 3431 580 3502 recurrit.
602 3432 641 3501 In
669 3452 709 3500 12
730 3429 867 3502 arebus
886 3431 1019 3501 amoris
1048 3431 1084 3500 in
1116 3431 1328 3501 universum
1351 3427 1553 3502 considera-

322 3555 367 3624 tis
383 3553 477 3624 adse
493 3552 604 3624 obvio
619 3554 745 3623 itinere
761 3551 862 3623 redit.
880 3553 918 3621 ln
939 3571 976 3645 15
994 3551 1118 3623 aielici
1134 3567 1240 3622 nocte
1256 3552 1489 3646 proficiscens
1506 3551 1551 3622 ad

321 3674 451 3771 gaudia
485 3677 619 3746 amoris
666 3676 790 3772 pergit,
834 3692 874 3745 ut
914 3677 1130 3746 contrariam
1161 3675 1257 3745 viam
1287 3689 1469 3769 sequatur,
1502 3675 1553 3746 ita

322 3815 441 3870 tamen
459 3816 498 3869 ut
515 3799 551 3868 in
567 3797 675 3869 altera
693 3815 789 3893 parte
807 3822 881 3868 non
899 3799 1026 3892 prioris
1040 3798 1281 3869 obliviscatur.
1299 3799 1340 3868 ln
1362 3800 1403 3868 16
1420 3822 1439 3868 a
1454 3797 1551 3870 facto

321 3923 502 4017 (praetoris
523 3920 659 4014 reditu)
691 3921 733 3992 ad
766 3920 1074 4015 desperationem,
1110 3923 1209 4001 iram,
1251 3922 1369 3992 minas
1396 3920 1551 3993 naturali

323 4044 435 4115 modo
454 4043 692 4139 progreditur,
707 4060 747 4114 ut
762 4059 883 4114 tamen
899 4045 936 4114 in
951 4043 1170 4138 quibusdam
1202 4043 1290 4115 locis
1315 4042 1553 4116 vehementer

322 4169 471 4239 affectus
488 4168 652 4263 proprios
679 4191 781 4238 casus
800 4183 834 4238 et
848 4166 1030 4262 generales
1055 4167 1252 4238 sententias
1273 4167 1384 4237 nimis
1400 4164 1552 4261 abrupte

324 4292 480 4362 misceat.
500 4288 662 4385 Simplex
683 4305 736 4361 est
761 4311 801 4380 19
824 4289 956 4360 divisio
990 4315 995 4360 :
1026 4288 1177 4360 Gaudeo
1200 4288 1298 4384 quod
1329 4312 1410 4360 rura
1429 4285 1527 4360 colas
1544 4298 1564 4374 ;'

236 4512 240 4520 Ι
323 4438 390 4509 ego
421 4437 570 4508 quoque
591 4436 669 4483 rura
699 4411 865 4483 visitabo
888 4454 934 4465 —-
948 4413 998 4482 Ex
1013 4411 1071 4483 his
1092 4413 1197 4482 variis
1224 4410 1398 4507 exemplis
1414 4409 1553 4508 'colligi
