3398 5468
232 738 335 846 putat
363 753 401 822 in
437 751 502 824 loc.
533 753 590 823 cit.
618 751 662 824 de
689 754 875 848 Propertio
914 768 1071 837 morato,
1105 778 1180 861 non
1202 754 1352 827 infideli
1383 780 1462 829 esse

232 875 505 969 quaestionem).
529 873 635 947 Unde
656 874 917 954 ⁴Lachmannus
944 876 1063 971 (Praef.
1090 855 1150 948 eds
1175 877 1291 972 Lips.)
1322 877 1463 975 colligit

233 998 460 1094 Propertium
477 1013 511 1069 et
530 999 691 1084 ineunte,
708 1015 742 1070 et
759 997 911 1071 durante
939 998 1093 1071 discidio
1120 999 1231 1072 fidem
1257 1000 1460 1086 violavisse,

234 1121 376 1205 merim,
394 1145 478 1193 meo
495 1121 645 1217 quidem
666 1120 801 1193 iudicio
820 1124 964 1218 (contra
979 1123 1079 1194 enim
1098 1121 1311 1195 Plessisium
1330 1125 1463 1221 opinor

234 1259 395 1339 poetam,
431 1267 515 1316 cum
551 1243 643 1316 nullo
674 1245 781 1316 vivere
814 1245 951 1317 consilio
981 1245 1090 1334 dicat,
1124 1245 1290 1344 vulgares
1321 1271 1464 1319 amores

235 1365 457 1460 subaudire).
477 1366 562 1452 Sed,
584 1391 668 1439 cum
689 1366 871 1453 Plessisio,
892 1367 1169 1440 Lachmannum
1189 1392 1300 1442 errare
1320 1393 1462 1454 cense0,

235 1512 320 1559 cum
355 1503 457 1585 putat
490 1505 653 1584 poetam,
683 1490 883 1586 posthanc
923 1489 1157 1563 desultoriam
1183 1493 1310 1577 vitam,
1345 1483 1464 1588 neque

236 1611 400 1708 potuisse
426 1610 541 1684 dicere
561 1636 599 1684 se
620 1613 784 1708 quinque
816 1637 933 1685 annos
960 1613 1114 1687 fideliter
1142 1615 1316 1699 serviisse,
1346 1638 1465 1709 neque

238 1733 315 1807 haec
335 1734 485 1807 scribere
504 1736 563 1821 ΙΙΙ,
593 1755 646 1829 15,
676 1759 757 1826 9⁴0
783 1762 789 1806 :

337 2000 479 2074 Cuncta
503 2017 590 2074 tuus
617 2000 782 2098 sepelivit
808 2025 924 2085 amor,
956 2025 1022 2079 nec
1047 2001 1183 2074 femina
1210 2019 1293 2098 post
1317 2018 1351 2074 te

407 2209 409 2214 ,
433 2124 517 2199 Ulla
543 2123 643 2198 dedit
669 2123 765 2197 collo
792 2123 911 2197 dulcia
936 2122 1056 2196 vincla
1082 2149 1176 2197 meo,

134 2448 138 2458 .
205 2445 209 2453 .
240 2389 297 2460 Sic
329 2390 428 2462 enim
460 2387 623 2484 loquitur
647 2387 903 2460 Lachmannus
931 2387 1055 2483 (Praef.
1086 2412 1119 2484 p.
1146 2388 1311 2482 XXVI):
1340 2388 1489 2461 «Haec

240 2529 333 2585 certe
361 2528 444 2609 post
472 2511 579 2584 illum
613 2536 764 2596 annum,
795 2534 870 2607 quo
900 2510 1028 2607 pulsus
1071 2510 1152 2595 fuit,
1194 2510 1344 2583 scribere
1390 2535 1467 2583 non

240 2635 396 2721 auderet,
423 2635 484 2707 sed
500 2646 573 2706 'aut
597 2650 679 2707 ante
711 2634 931 2718 iuimicitias,
957 2650 1029 2719 aut,
1057 2632 1156 2729 quod
1191 2633 1330 2706 credere
1358 2634 1466 2719 mala,

239 2784 324 2832 cum
350 2759 560 2853 inciperent.
598 2787 615 2826 »
659 2757 806 2838 Quibus
833 2757 922 2829 locis
950 2740 1061 2829 fretus
1093 2755 1349 2828 Lachmannus
1383 2782 1467 2829 cum

240 2880 381 2955 discidii
426 2904 576 2965 annum,
620 2896 700 2953 tum
737 2877 893 2976 tempus
940 2878 1039 2974 quod
1079 2895 1183 2952 antea
1212 2879 1468 2965 decurrerat,e

242 3005 406 3100 quinque
433 3006 548 3089 annis,
584 3003 718 3099 quibus
752 3019 858 3099 poeta
898 3001 1068 3096 Cynthiae
1110 3002 1265 3074 fideliter
1296 3003 1467 3088 servierit,

231 3127 382 3200 excludi
403 3126 660 3198 affirmat.lmo
684 3125 881 3198 eversibus
899 3126 956 3209 ΙΙΙ,
982 3138 1034 3215 15,
1054 3147 1147 3219 7·10,
1176 3124 1272 3196 elicit
1302 3151 1317 3195 r
1337 3125 1366 3196 si
1391 3150 1467 3197 non
1546 3145 1549 3148 ’

243 3251 392 3336 diutius,
408 3265 501 3322 certe
515 3248 665 3321 biennio
680 3248 791 3320 ferme
812 3264 894 3343 post
907 3271 1094 3345 excussam
1109 3248 1309 3340 Lycinnam
1324 3249 1470 3344 Proper·

242 3377 349 3459 tium,
383 3389 578 3469 antequam
609 3373 797 3466 reiceretur
822 3370 982 3467 (discidii
1012 3371 1151 3465 annus)
1189 3395 1272 3442 cum
1310 3369 1471 3464 Cynthia

242 3497 374 3568 vixisse
413 3524 444 3581 a,
479 3495 576 3567 unde
599 3510 788 3580 constaret,
822 3495 851 3565 si
886 3517 1004 3565 annos
1043 3492 1153 3565 simul
1184 3492 1470 3589 comprehendas

243 3619 297 3715 (id
315 3634 368 3690 est
392 3617 584 3691 biennium
609 3633 693 3689 ante
720 3615 926 3700 discidium,
953 3614 1094 3687 discidii
1124 3639 1275 3700 annum,
1305 3617 1471 3712 quinque

243 3743 380 3836 annos)
402 3757 486 3813 octo
502 3740 614 3814 ferme
629 3763 746 3812 annos
762 3739 805 3811 ab
825 3762 994 3810 amorum
1015 3738 1122 3809 initio
1142 3738 1186 3810 ad
1206 3754 1363 3836 tempus,
1395 3762 1470 3834 quo

244 3889 368 3938 versus
383 3866 439 3948 ΠΙ,
456 3887 514 3954 24,
531 3889 550 3937 2
553 3887 573 3956 3
593 3863 747 3958 scriptus
759 3878 824 3946 est,
841 3885 917 3933 esse
933 3859 1085 3956 elapsos.

294 3992 457 4065 Primum
485 3959 691 4059 e'versibus
729 3984 856 4056 Tertius
888 3983 979 4055 haud
1016 3983 1120 4055 multo
1154 3985 1264 4054 minus
1300 3992 1353 4069 est,
1393 3999 1470 4066 etc,

246 4115 344 4188 unde
368 4113 624 4185 Lachmannus
652 4108 857 4191 biennium,
892 4103 1301 4203 Herzbergus'(Quaest.
1341 4130 1375 4202 p.
1410 4108 1473 4201 16)

246 4239 445 4312 triennium
479 4233 659 4331 colligunt
686 4232 915 4326 Propertium
948 4227 1145 4322 Cynthiam
1166 4245 1248 4300 ante
1275 4228 1471 4300 discidium

247 4385 396 4445 amasse,
426 4359 521 4430 nihil
549 4381 617 4454 ego
642 4354 788 4452 collig0,
817 4355 887 4425 nisi
915 4368 1078 4449 poetam,
1110 4350 1175 4423 illo
1202 4367 1364 4447 tempore
1396 4376 1471 4447 quo

247 4508 310 4556 eos
344 4483 537 4579 scripserit,
570 4478 702 4552 abhinc
735 4478 847 4549 ferme
887 4475 982 4547 duos
1014 4498 1132 4546 annos
1173 4499 1257 4546 cum
1293 4474 1470 4568 Lycinna,
