3398 5468
679 523 898 643 err-

181 691 284 790 (vide
303 692 446 785 finem),
464 692 502 763 in
517 689 583 767 hac
598 715 704 768 suam
725 690 982 769 condicionem
1009 690 1177 766 miseram
1205 714 1290 767 cum
1315 689 1410 766 felici

182 814 278 889 Galli
292 813 510 887 condicione
522 814 684 890 conferat
697 815 774 909 (vv.
792 815 877 908 ro),
891 829 939 907 et,
956 836 1170 911 quanquam
1186 829 1337 890 maestus
1354 815 1411 898 sit,

182 937 324 1015 laetetur
337 937 498 1012 amicum
520 935 690 1033 Cynthiae
705 935 938 1014 obsidionem
967 937 1154 1014 omississe
1174 937 1246 1033 (sic
1260 937 1360 1015 enim
1377 962 1411 1012 v.

179 1084 227 1155 54
251 1061 496 1159 interpretor).
519 1060 616 1147 Qrae
638 1059 682 1136 de
706 1061 866 1147 carmine
888 1081 940 1137 ao
958 1058 1141 1136 Scharfius
1160 1059 1247 1137 dicit
1262 1062 1315 1158 (p.
1337 1062 1411 1155 14),

142 1209 150 1226 ·
182 1181 274 1259 illud
302 1207 387 1258 cum
406 1196 523 1279 poetae
548 1181 682 1258 amoris
705 1181 926 1260 condicione
950 1204 1029 1281 esse
1055 1206 1248 1269 conexum,
1268 1198 1303 1272 et
1332 1181 1413 1259 Gal·

183 1304 262 1382 lum
286 1320 326 1378 ut
353 1305 546 1401 prospiciat
578 1302 765 1379 amoribus
798 1304 875 1380 suis
895 1327 935 1377 ea
961 1303 1005 1377 de
1041 1327 1147 1379 causa
1181 1305 1412 1383 admoneris

182 1429 381 1523 Propertio,
402 1428 489 1523 quia
513 1441 620 1522 poeta
642 1450 709 1502 sua
739 1425 986 1527 imprudentia
1016 1430 1053 1500 in
1081 1452 1204 1506 amore
1232 1428 1411 1507 damnum

183 1550 336 1637 fecisset,
345 1574 559 1648 quanquam
573 1572 655 1623 vera
667 1573 744 1625 esse
760 1543 1056 1647 possunt,tamen
1070 1551 1162 1631 mihi
1174 1552 1322 1650 quidem
1336 1577 1412 1627 non

184 1690 277 1749 certa
298 1691 396 1761 sunt,
418 1691 454 1750 et
466 1672 564 1750 aliud
581 1697 623 1747 ex
638 1670 699 1748 illa
719 1672 836 1768 elegia
857 1674 963 1751 elicio
988 1702 994 1751 :
1026 1701 1157 1772 nempe
1183 1691 1328 1772 poetam
1348 1674 1413 1747 illo

184 1799 447 1894 temporesatis
467 1796 624 1871 liberum
654 1794 826 1874 habuisse
862 1798 1041 1885 animum,
1071 1816 1112 1876 ut
1157 1822 1232 1876 non
1272 1821 1415 1893 semper

163 1944 220 1992 wse
272 1944 434 2016 suosque
487 1943 629 1992 amores
680 1921 893 2005 intueretur,
943 1920 1021 2008 sed,
1068 1919 1149 1998 data
1204 1921 1411 2004 occasione,

182 2044 320 2121 amicos
346 2066 496 2144 quoque
517 2040 637 2140 (quod
667 2042 851 2143 ceteroqui
875 2065 918 2116 10
948 2061 983 2120 et
1017 2066 1054 2136 13
1089 2043 1263 2146 probant)
1292 2067 1412 2116 curare

183 2179 368 2260 posset,et
386 2188 493 2244 merae
513 2166 615 2262 poesi
635 2166 818 2243 inservire.
835 2166 911 2243 Iam
936 2164 1059 2265 elegiae
1075 2187 1093 2259 7
1112 2181 1180 2258 etp
1208 2165 1270 2263 (ad
1289 2166 1413 2242 Ponti-

183 2312 267 2367 cum
284 2288 455 2384 scriptae),
465 2304 500 2358 er
514 2285 614 2364 illam
629 2288 847 2384 opinionem
863 2287 1093 2374 confirmant,
1106 2302 1140 2363 et
1159 2303 1278 2383 aperte
1295 2303 1413 2363 osten·

183 2411 277 2484 dunt
289 2411 339 2486 ita
352 2433 504 2485 sensum
518 2411 737 2490 amatorium
763 2410 799 2487 id
827 2411 1002 2511 temporis
1027 2411 1064 2488 in
1080 2411 1256 2507 Propertii
1282 2411 1408 2487 animo

184 2534 398 2630 regnavisse,
411 2549 452 2604 ut
466 2548 611 2632 poetam
635 2557 711 2609 suae
740 2530 891 2630 poeticae
914 2531 1096 2610 facultatis
1118 2534 1308 2610 conscium
1334 2557 1412 2610 esse

183 2657 512 2736 sineret.Revocata
526 2654 968 2753 elegiall,31,quamante
981 2657 1143 2755 primum
1158 2655 1295 2733 librum
1308 2657 1413 2756 scrip-

181 2797 255 2858 tam
282 2779 396 2857 fuisse
412 2779 584 2864 diximus,
609 2795 645 2857 et
664 2781 850 2884 perpensis
870 2779 928 2858 his
955 2776 1163 2876 nuperrime
1198 2781 1412 2857 examinatis

182 2900 416 2987 carminibus,
424 2917 592 3002 praeterea
606 2901 835 2981 considerato
850 2901 1048 3004 elegiarum
1058 2926 1144 2998 ,quae
1156 2901 1200 2977 ad
1210 2901 1410 3002 Cynthium

184 3025 304 3102 missae
318 3024 470 3101 fuerunt
481 3016 600 3100 velde
617 3022 778 3118 Cynthia
791 3023 997 3123 loquuntur
1024 3048 1190 3113 numero,
1202 3048 1324 3103 veram
1348 3022 1413 3098 illo

184 3147 290 3242 primi
304 3146 385 3222 libri
396 3147 517 3243 scripti
529 3163 693 3247 tempore
701 3148 877 3242 Propertii
890 3146 1048 3244 effigiem
1064 3147 1170 3225 nobis
1186 3163 1268 3224 ante
1281 3147 1413 3220 oculos

185 3293 357 3365 reponere
377 3293 586 3377 possumus.
609 3270 833 3367 Quanquam
847 3286 986 3346 certum
1002 3287 1055 3347 est
1075 3273 1146 3349 iam
1170 3286 1250 3350 tum
1266 3286 1413 3372 poetam

64 3433 67 3437 ν
184 3391 322 3470 ardenti
342 3414 464 3470 amore
495 3390 713 3492 flagravisse‚
734 3393 783 3468 ita
809 3408 932 3471 tamen
959 3417 1062 3471 amor
1096 3394 1134 3464 in
1175 3394 1253 3469 eius
1286 3409 1412 3489 pectus

186 3530 440 3616 penetraverat,
474 3513 624 3594 utillud
651 3540 727 3593 non
755 3531 878 3592 toturn
907 3515 1114 3601 invaderet;
1143 3531 1193 3603 ut,
1213 3515 1249 3592 vi
1277 3517 1416 3617 poetica

14 3692 17 3698 ·
140 3725 141 3728 p
185 3638 345 3722 excitata,
376 3659 450 3714 non
484 3635 585 3716 illam
627 3662 696 3715 suo
734 3640 865 3715 insano
898 3639 1028 3717 vertice
1063 3654 1347 3741 contorqueret;
1375 3654 1416 3715 ut
1501 3682 1503 3686 >

185 3776 325 3839 amator
356 3762 411 3833 sui
445 3775 568 3839 tamen
596 3776 632 3837 et
657 3760 814 3840 aliorum
849 3762 1017 3840 conscius
1047 3776 1154 3863 poeta
1188 3777 1223 3860 et
1264 3785 1415 3840 suarum

184 3882 318 3959 virium
335 3905 490 3978 compos
506 3898 622 3966 essem
650 3898 685 3960 et
698 3906 738 3960 ea
753 3881 803 3990 de
821 3906 926 3961 causa
964 3906 1032 3962 suo
1059 3907 1183 3963 amore
1204 3882 1414 3980 superbiret,

186 4004 286 4100 quod
305 4005 483 4084 iuvenum
502 4002 638 4105 ardoris
654 4028 809 4105 magnus
828 4020 934 4106 poeta
949 4029 1026 4083 esse
1039 4022 1162 4102 posset
1176 4009 1229 4101 (7,
1247 4007 1322 4102 24).
1335 4006 1415 4077 Hoc

187 4141 261 4204 tarn
276 4124 362 4205 felix
381 4124 640 4221 aequilibrium,
662 4129 720 4207 cui
744 4126 860 4205 forma
889 4129 991 4228 quasi
1022 4128 1176 4223 perfecta
1204 4129 1310 4224 primi
1333 4126 1413 4200 libri

187 4248 386 4346 elegiarum
398 4248 559 4330 debetur,
574 4250 611 4319 in
639 4248 801 4328 secundo
821 4265 855 4323 et
880 4251 986 4348 tertio
1018 4248 1110 4326 libro
1133 4251 1184 4322 sic
1214 4266 1412 4347 rumpetur,

189 4372 281 4447 utin
298 4368 363 4445 illo
378 4388 527 4457 amator,
543 4373 581 4443 in
598 4371 668 4443 hoc
688 4381 793 4468 poeta
807 4372 1027 4447 dominetur.
