3398 5468
716 521 912 594 -77-

200 685 301 756 Halis
318 685 516 768 Saxonum,
544 687 662 779 1885).
684 687 724 756 ln
748 684 804 757 his
826 711 912 758 vero
932 685 1068 783 elegiis,
1084 685 1147 757 ubi
1167 684 1210 756 de
1226 709 1300 757 suae
1316 687 1430 757 aetatis

199 807 301 879 factis
316 807 461 880 locutus
477 825 540 891 est,
557 834 612 879 ex:
625 834 657 904 g.
673 807 716 879 de
735 808 924 904 Cleopatra
944 809 999 880 vel
1017 810 1060 880 de
1076 808 1181 880 rebus
1199 807 1242 879 ab
1258 807 1429 904 Augusto

200 929 363 1026 praeclare
392 931 517 1026 gestis,
553 929 644 1002 nulli
678 931 726 1002 rei
760 932 876 1027 magis
905 930 1031 1002 debuit
1065 955 1173 1027 quam
1207 955 1275 1002 suo
1296 932 1430 1026 wpatriae

199 1055 374 1126 Romanae
401 1055 533 1136 amori,
559 1077 666 1149 quem
691 1054 815 1125 vivum
839 1055 915 1125 imo
939 1069 1081 1149 pectore
1105 1055 1219 1126 fixum
1240 1053 1403 1126 habebat.

249 1176 361 1256 Quod
379 1175 421 1246 ad
437 1175 528 1247 alios
548 1174 647 1247 illius
662 1177 776 1248 aetatis
792 1177 979 1248 Romanos
996 1193 1120 1270 poetas
1133 1179 1300 1271 pertinet,
1311 1175 1429 1271 aliqua

199 1295 382 1369 eTibullo
408 1297 611 1392 desumpsit
626 1298 832 1392 Propertius
847 1296 948 1391 (vide
967 1298 1158 1382 Marxium,
1180 1323 1212 1393 p.
1240 1301 1323 1393 41);
1343 1299 1429 1369 finis

199 1419 322 1516 elegiae
356 1421 412 1503 Ill,
443 1438 457 1514 5
489 1445 508 1492 a
536 1444 639 1491 versu
669 1445 710 1513 23
747 1419 927 1492 adfinem
962 1437 1053 1493 certe
1079 1420 1241 1517 Vergilio
1280 1421 1431 1493 debetur

198 1541 364 1639 (Georg,
380 1544 621 1636 &475-486).
643 1542 781 1614 Ouidio
805 1542 897 1614 nihil
920 1559 1043 1614 noster
1062 1541 1199 1627 debuit,
1225 1543 1295 1614 nisi
1317 1559 1428 1614 artem

200 1666 384 1736 metricam
408 1666 675 1760 perfectiorem
696 1666 758 1760 qui
789 1681 913 1736 contra
938 1666 1074 1737 furaces
1104 1690 1236 1742 manus
1271 1667 1307 1736 in
1334 1689 1429 1760 opus

198 1789 304 1858 amici
332 1804 417 1858 natu
453 1789 600 1859 maioris
628 1790 706 1859 sine
735 1787 912 1862 modestia
942 1787 1067 1859 intulit
1095 1787 1160 1881 (de
1194 1788 1258 1859 hac
1287 1812 1320 1859 re
1346 1786 1427 1859 vide

198 1909 451 2007 Zingerleium
474 1911 572 1983 Ouid
591 1911 666 1982 und
688 1913 763 1983 sein
781 1894 1009 1983 Verhiltniss
1030 1936 1071 1982 zu
1096 1911 1164 1983 den
1185 1912 1425 2007 Vorgangern

199 2033 274 2104 und
294 2031 569 2128 gleichzeitigen
601 2036 692 2104 rom.
713 2032 899 2117 Dichtern
930 2032 1082 2119 lnnsbr,
1114 2035 1295 2126 1869·71).
1325 2033 1427 2128 Saepe

197 2171 319 2227 tamen
347 2153 552 2226 similitudo
573 2155 766 2227 amborum
789 2157 980 2227 communi
998 2155 1104 2239 fonti,
1124 2179 1254 2250 nempe
1275 2153 1428 2225 Alexan·

197 2276 313 2376 drino
335 2276 526 2349 tribuenda
545 2294 608 2349 est.

247 2400 283 2471 Si
300 2423 397 2471 nunc
413 2424 543 2471 omnes
558 2401 801 2496 Propertianae
818 2424 970 2496 poeseos
992 2400 1112 2471 fontes
1129 2399 1425 2496 complectemur,

196 2521 384 2594 fatendum
402 2523 467 2594 erit
483 2521 550 2593 sibi
578 2539 612 2593 et
642 2546 709 2593 suo
742 2523 855 2593 amoti
884 2539 1029 2617 poetam
1058 2522 1214 2618 plurima
1238 2520 1424 2605 debuisse;

199 2669 369 2742 magnam
389 2661 510 2716 tamen
539 2662 573 2716 et
602 2669 747 2741 gravem
773 2647 851 2717 eius
872 2647 990 2740 operis
1013 2661 1149 2740 partem
1170 2643 1424 2716 Alexandrinae

197 2768 329 2865 origini
371 2792 448 2840 esse
482 2766 723 2852 referendam3
765 2767 885 2863 aliqua
926 2767 1031 2839 illum
1073 2792 1115 2839 ex
1148 2766 1227 2839 aliis
1257 2766 1425 2838 fontibus

179 2887 459 2992 ¹desumpsisse3
490 2890 538 2961 ita
566 2907 688 2961 tamen
730 2913 815 2961 eum
844 2889 907 2960 has
937 2914 955 2961 e
985 2890 1134 2961 diversis
1170 2889 1259 2960 locis
1295 2889 1423 2983 petitas

197 3015 361 3085 materias
377 3029 554 3096 tractasse,
582 3029 621 3084 ut
640 3013 800 3107 primum
830 3013 866 3082 in
895 3011 1074 3107 plerisque
1101 3011 1226 3107 elegiis
1247 3012 1325 3082 eius
1353 3033 1425 3106 per·

197 3159 286 3207 sona
302 3150 337 3206 et
356 3159 458 3207 amor
477 3134 545 3206 sibi
562 3135 685 3231 locum
702 3134 940 3218 vindicarent3
957 3151 1007 3219 ut,
1029 3135 1138 3206 etiam
1161 3136 1201 3204 in
1224 3131 1281 3204 his
1303 3133 1425 3204 carmi·

198 3257 321 3342 nibus
352 3281 433 3353 quae
458 3256 741 3335 Alexandrinam
768 3258 1014 3329 imitationem
1044 3257 1199 3328 maxime
1226 3254 1422 3339 redoleant,
1469 3284 1471 3289 ⁸

197 3397 301 3476 poeta
324 3404 594 3476 nonnunquam
622 3396 803 3464 oneratus
834 3404 1026 3475 nunquam
1061 3378 1214 3451 obrutus
1243 3377 1422 3463 videatur;

197 3518 236 3574 ut
250 3504 315 3574 arti
336 3503 414 3574 siue
441 3504 574 3574 iactura
593 3520 730 3574 naturae
751 3527 825 3575 suae
844 3504 1015 3574 inservire
1033 3503 1202 3597 potuerit.
