3398 5468
754 582 950 633 ...12....

239 746 354 814 tinam
377 761 411 815 et
433 746 657 815 meretricem
682 746 795 817 fuisse
822 745 1011 818 declarant.
1039 791 1089 802 -
1121 748 1257 820 Contra
1279 750 1465 845 Gruppius
1534 783 1536 785 ·

237 868 324 962 (Die
350 848 531 939 romische
555 866 677 963 Elegie
697 868 722 951 Ι,
744 861 777 963 p
822 869 889 963 42)
906 895 912 939 :
930 869 1122 962 «Cynthia
1146 894 1220 941 war
1243 872 1324 942 eine
1349 873 1464 943 Darne

237 1014 312 1061 von
332 989 491 1061 Familie.
517 1015 532 1060 a
559 990 683 1070 Quam
709 991 925 1085 opinionem
947 993 1106 1065 Marxius
1136 992 1324 1088 amplexus
1348 995 1464 1066 firmis

237 1113 462 1210 argumentis
498 1111 589 1183 mihi
621 1111 826 1184 defendisse
856 1113 1009 1185 videtur.
1045 1115 1176 1211 Operae
1211 1116 1369 1210 pretium
1410 1133 1464 1187 est

236 1235 355 1309 fusius
380 1234 424 1307 de
453 1233 578 1306 haere
606 1234 787 1307 disserere.

283 1359 359 1430 Iam
391 1359 550 1454 primum
582 1359 752 1429 omnium
788 1356 831 1429 de
877 1357 1036 1451 Cynthia
1062 1360 1233 1455 ingenua,
1263 1384 1338 1431 non
1362 1359 1464 1432 liber-

226 1463 321 1567 tina,
347 1505 452 1577 supra
474 1479 643 1566 diximus,
665 1505 748 1552 cum
768 1504 895 1576 parurn
916 1480 1112 1553 verisimile
1135 1467 1181 1554 sit
1195 1482 1372 1553 feminam
1387 1484 1463 1554 avis

235 1605 438 1677 illustribus
464 1620 499 1676 et
522 1604 706 1675 fortunata
730 1602 843 1675 domo
866 1603 1034 1676 dotatam
1053 1604 1219 1676 libertina
1246 1605 1463 1677 condicione

235 1729 376 1800 vixisse.
399 1727 594 1821 Ceteroqui
616 1725 673 1797 his
692 1727 778 1798 viris
803 1726 929 1812 doctis
951 1729 1014 1822 qui
1035 1726 1233 1820 Cynthiam
1255 1727 1461 1799 libertinam

234 1849 345 1923 fuisse
370 1850 560 1935 affirmant,
583 1850 621 1919 in
648 1849 774 1945 primis
795 1866 1012 1946 argumento
1032 1866 1095 1935 est,
1114 1850 1213 1946 quod
1231 1852 1459 1923 meretricum

234 1998 336 2046 more
357 1974 510 2058 vixerit;
543 1996 615 2068 qua
643 1973 680 2042 in
709 1995 745 2043 re
769 1997 832 2044 eos
859 1972 970 2044 falsos
999 1997 1076 2045 esse
1101 1975 1243 2070 opinor,
1270 1998 1354 2045 cum
1384 1997 1462 2070 pro-

234 2095 350 2168 babile
382 2098 442 2182 sit,
465 2097 619 2192 saepim,
646 2093 710 2166 illo
743 2119 903 2168 romanae
931 2095 1137 2193 reipublicae
1171 2113 1351 2192 tempore,
1383 2121 1460 2168 non

233 2243 337 2317 secus
371 2243 410 2291 ac
447 2218 543 2314 apud
576 2241 644 2291 nos
680 2219 913 2303 recentioreS,
946 2220 1055 2290 etiam
1086 2220 1265 2315 ingenuas
1293 2221 1331 2291 in
1366 2244 1461 2292 sacra

233 2335 441 2413 desultoriae
462 2340 614 2412 Veneris
643 2364 719 2411 esse
746 2339 930 2436 delapsas

281 2463 383 2559 Apex
412 2464 524 2561 igitur
552 2463 767 2559 quaestionis
801 2464 837 2535 in
872 2489 914 2535 eo
942 2480 1114 2548 versatur,
1144 2480 1269 2536 utrum
1302 2463 1461 2557 Cynthia
1520 2527 1522 2532 Α

233 2589 400 2659 meretrix
426 2611 470 2658 an
505 2587 668 2658 maritata
693 2586 811 2658 fuerit.
842 2586 991 2662 Certum
1018 2603 1071 2659 est
1110 2587 1149 2670 si,
1186 2585 1343 2682 perlecto
1378 2587 1460 2658 Pro-

232 2711 368 2805 pertio,
396 2733 516 2781 mores
551 2708 720 2801 Cynthiae
754 2734 830 2780 uno
864 2708 999 2803 obtutu
1029 2708 1253 2793 consideres,
1284 2733 1362 2780 eam
1393 2696 1471 2780 tibi

232 2831 408 2904 absolutae
430 2831 626 2903 meretricis
645 2832 802 2927 speciem
822 2855 899 2902 esse
927 2830 1174 2926 praebituram,
1203 2854 1321 2926 neque
1348 2831 1460 2902 miror

232 2953 371 3027 multos
415 2955 454 3025 in
492 2952 559 3025 hac
592 2970 688 3049 parte
725 2953 904 3025 erravisse.
930 2952 1025 3024 Nam
1059 2953 1198 3024 omisso
1232 2951 1320 3038 illo,
1357 2951 1457 3048 quod

231 3075 406 3173 psallebat
431 3093 465 3151 et
493 3076 643 3149 saltabat
680 3075 882 3172 elegantius
917 3101 1027 3172 quam
1065 3076 1187 3172 probae
1225 3100 1370 3149 necesse
1405 3092 1459 3148 est

231 3202 301 3296 (sic
327 3201 477 3296 Crispus
496 3200 539 3272 de
562 3224 626 3272 sua
648 3199 862 3295 Sempronia
883 3199 1056 3295 loquitur,
1077 3199 1160 3273 vide
1184 3202 1309 3295 supra)
1332 3199 1458 3272 bibosa

230 3324 301 3397 fuit
322 3325 383 3420 (II,
397 3347 453 3416 33,
471 3343 515 3414 25

293 3531 295 3536 ⁵
328 3550 440 3621 Lenta
466 3547 586 3619 bibis:
615 3547 744 3619 mediae
771 3561 961 3642 nequeunt
984 3561 1018 3617 te
1045 3523 1205 3642 frangere
1233 3554 1358 3618 noctes

231 3782 266 3839 et
289 3768 359 3862 36:

375 3988 451 4057 Iam
478 3983 585 4070 bibe;
611 3983 772 4055 forrnosa
799 4006 858 4067 es3
887 3981 938 4052 nil
965 3980 1030 4053 tibi
1056 3982 1141 4052 vina
1169 3982 1331 4074 nocent).

129 4158 131 4163 ⁴
229 4213 332 4285 Mero
372 4209 787 4294 furibunda,mensam
826 4207 1047 4304 propellebat
1079 4208 1162 4302 (Ill,
1188 4210 1227 4293 8,
1252 4208 1305 4300 5).
1336 4208 1455 4279 Unus·

231 4338 386 4432 quisque
422 4359 501 4408 eam
541 4332 683 4405 facilem
715 4332 871 4429 praedam
910 4331 1122 4404 aestimabat.
1157 4331 1289 4404 Bassus
1321 4330 1379 4424 (I,
1409 4332 1455 4425 4)

232 4458 359 4532 Gallus
372 4459 417 4552 (l,
428 4459 636 4554 5)Lynceus
655 4456 715 4551 (ll,
735 4458 799 4551 34)
816 4454 986 4527 videntur
1001 4479 1079 4526 eam
1096 4452 1317 4526 sollicitasse.
1334 4453 1454 4524 Immo
