3398 5468
751 613 946 703 „55-

236 792 280 864 ad
324 792 561 889 archetypum
605 794 804 878 devenisse,
844 811 878 866 et
916 793 996 866 illas
1022 811 1122 867 natas
1152 819 1230 868 esse
1274 820 1465 892 pravarum

237 915 440 987 lectionum
454 918 574 1002 series,
598 918 635 989 in
651 916 786 1013 quibus
802 914 1023 1012 explicandis
1047 918 1120 988 iam
1147 918 1320 1015 permulti
1334 919 1467 992 frustra

237 1035 503 1112 desudaverint.
537 1040 632 1114 Nam
661 1039 762 1137 quod
791 1038 871 1112 vult
890 1039 1050 1111 Manrius
1076 1041 1129 1137 (p,
1154 1043 1230 1134 83),
1248 1040 1361 1115 huius
1384 1035 1465 1113 libri

237 1163 394 1234 carmina
413 1175 496 1258 post
522 1180 639 1260 poetae
668 1179 825 1236 mortem
845 1162 889 1234 ab
909 1163 1035 1234 amicis
1060 1161 1116 1234 vel
1137 1163 1291 1260 posteris
1317 1163 1467 1236 collecta

235 1300 270 1356 et
290 1284 384 1357 edita
400 1306 487 1371 esse,
510 1308 637 1383 parum
653 1284 838 1383 probabile
858 1299 922 1368 est,
950 1309 1035 1358 cum
1062 1307 1138 1357 non
1164 1301 1238 1358 tam
1254 1285 1408 1383 superbe
1422 1282 1467 1358 de

236 1431 273 1478 se
289 1405 396 1479 initio
411 1408 507 1481 tertii
526 1407 606 1481 libri
621 1425 727 1505 poeta
742 1407 844 1504 loqui
861 1407 1050 1505 potuisset,
1084 1408 1154 1480 nisi
1180 1409 1316 1481 maiore
1344 1408 1468 1480 carmi·

236 1552 328 1601 num
350 1550 506 1603 numero
520 1530 629 1616 edita,
644 1551 754 1627 quam
770 1531 877 1630 primi
893 1529 973 1604 libri
985 1531 1190 1603 carminum
1207 1552 1384 1604 numerus
1399 1546 1465 1616 est,

236 1652 367 1729 fretus.

284 1782 469 1871 Ceterum,
498 1810 543 1858 ne
577 1783 669 1858 ultra
697 1788 884 1882 praesentis
927 1785 1251 1858 commentationis
1287 1787 1467 1859 terminos

234 1909 466 1993 excedamus,
494 1908 601 1981 nobis
633 1932 846 2005 persuasum
876 1925 929 1981 est
968 1909 1127 1980 nimium
1158 1932 1331 1993 amorem,
1372 1909 1468 1981 inter

234 2050 380 2104 summa
397 2030 529 2128 gaudia
549 2047 585 2103 et
603 2052 740 2104 amaras
764 2031 1033 2127 desperationes
1051 2033 1234 2117 iactatum,
1262 2031 1321 2104 his
1343 2033 1467 2104 carmi-

235 2152 344 2226 nibus
364 2155 549 2226 amatoriis
569 2155 748 2238 nocuisse,
764 2174 882 2250 neque
902 2153 948 2226 iis
970 2150 1083 2226 modo
1099 2153 1162 2226 ubi
1181 2151 1334 2226 violenti
1350 2155 1465 2225 animi

236 2291 360 2349 motus
381 2274 714 2372 deprehenduntur,
734 2275 795 2348 sed
817 2277 926 2348 etiam
946 2274 1034 2360 aliis,
1063 2292 1098 2348 et
1127 2291 1271 2371 poetam
1299 2300 1374 2347 non
1391 2276 1464 2348 iam

234 2400 291 2471 sui
308 2415 518 2495 compotem
536 2418 611 2471 non
636 2423 711 2471 suae
735 2399 820 2471 artis
835 2400 944 2470 etiam
957 2413 1167 2494 compotem
1179 2398 1301 2470 fuisse.
1319 2400 1413 2470 Nam
1425 2399 1464 2469 in

234 2523 403 2594 extremis
439 2518 519 2594 libri
558 2518 694 2618 elegiis,
727 2521 789 2593 ubi
815 2522 1044 2617 Propertium
1072 2521 1265 2615 resipuisse
1290 2519 1465 2606 vidimus,

235 2642 416 2716 nonnulla
445 2645 534 2716 vitia
561 2645 711 2740 reperire
744 2660 812 2730 est,
841 2660 877 2716 et
901 2645 938 2714 in
961 2643 1174 2718 universum
1196 2642 1296 2714 hunc
1316 2640 1464 2726 librum,

235 2767 403 2862 quamvis
430 2763 581 2839 fortasse
608 2764 762 2839 delicato
786 2764 906 2862 palato
926 2767 1141 2838 suavissime
1173 2767 1296 2861 sapiat,
1327 2766 1463 2849 ceteris,

234 2887 334 2983 quod
354 2887 398 2960 ad
425 2891 603 2985 poeticam
626 2888 929 2961 architectonicen
956 2889 1097 2972 attinet,
1123 2886 1333 2960 inferiorem
1352 2885 1466 2959 decla-

234 3030 307 3083 rare
331 3005 540 3106 possumus.
561 3085 563 3088 ,
1151 3018 1153 3023 ’

282 3147 376 3218 Rern
401 3154 523 3216 tamen
554 3138 646 3215 falso
672 3144 845 3239 acciperet
865 3146 939 3238 qui,
957 3159 1101 3240 poetam
1129 3141 1164 3214 id
1185 3144 1361 3238 temporis
1388 3166 1464 3216 suae

231 3267 318 3338 wartis
332 3290 407 3338 non
420 3267 469 3338 ita
478 3277 690 3362 compotem
703 3264 816 3338 luisse
831 3265 1026 3350 affirmans
1046 3262 1152 3337 illum
1167 3265 1302 3360 proprii
1323 3262 1464 3362 ingenii

233 3410 309 3461 non
326 3389 516 3462 conscium
539 3386 653 3461 fuisse
672 3403 896 3461 asseveraret.
912 3387 1063 3460 Certum
1078 3402 1132 3459 est
1147 3403 1283 3473 contra,
1301 3410 1343 3460 ex
1355 3387 1468 3486 variis

233 3510 345 3585 huius
360 3510 441 3584 libri
456 3510 546 3585 locis
558 3513 611 3607 (7,
631 3513 699 3600 18,
718 3533 775 3597 20,
791 3535 896 3584 21-22
906 3535 917 3599 ;
934 3531 990 3602 24,
1010 3512 1096 3605 ro),
1107 3528 1204 3595 eum,
1222 3507 1320 3583 edito
1333 3511 1465 3585 Mono-

232 3634 345 3721 bib10,
360 3637 397 3707 in
415 3652 477 3708 ora
489 3634 689 3707 hominum
704 3636 858 3719 venisse,
874 3649 914 3707 ut
931 3634 1120 3719 MaecenaS,
1135 3653 1220 3706 cum
1236 3658 1322 3706 eum
1341 3634 1465 3706 verisi-

234 3757 369 3830 militer
389 3776 451 3854 pet
479 3755 633 3829 Tullum
656 3757 828 3840 novisset,
864 3754 970 3828 illum
998 3760 1074 3828 suae
1101 3771 1291 3852 poetarum
1320 3754 1463 3828 cohorti

233 3877 429 3976 adiungere
462 3878 582 3964 vellet,
608 3900 673 3952 nec
699 3881 873 3974 imparem
898 3877 1097 3974 Augusteae
1122 3876 1221 3950 laudi
1241 3876 1464 3951 celebrandae

232 4001 424 4087 iudicarer;
450 4018 595 4098 poetam
620 4019 717 4086 vero,
745 4025 828 4073 cum
862 4026 880 4073 e
909 4024 1081 4100 prospero
1101 4016 1234 4073 eventu
1260 4024 1380 4074 veram
1405 4003 1463 4073 sui

232 4125 372 4221 ingenii
412 4138 578 4196 naturam
607 4148 644 4196 se
672 4124 884 4221 dignoscere
911 4139 1060 4219 putaret,
1092 4148 1167 4195 non
1200 4123 1245 4196 ab
1277 4125 1464 4197 amatoriis

232 4249 457 4343 argumentis
471 4246 632 4320 recedere
646 4245 819 4319 voluisse.
837 4246 950 4328 Quod
962 4263 1105 4342 apparet
1125 4271 1167 4319 ex
1188 4247 1313 4344 elegiis
1343 4269 1371 4331 1,
1406 4268 1460 4332 12,

234 4391 278 4460 34
312 4369 423 4442 simul
448 4369 692 4443 consideratis.
721 4370 816 4441 Nam
844 4393 928 4440 cum
950 4370 1065 4465 prima
1090 4369 1203 4466 elegia
1238 4394 1286 4455 se,
1329 4367 1462 4465 puellae

232 4493 402 4566 canendae
418 4495 524 4565 unice
544 4491 722 4576 deditum,
749 4516 825 4564 non
849 4492 976 4564 heroas
1002 4517 1134 4564 manus
1154 4494 1191 4564 in
1213 4515 1310 4566 arma
1330 4491 1461 4565 ducere
