3398 5468
741 500 935 638 442..

224 759 333 822 anias‚
350 751 385 807 et
400 751 465 806 tuo
480 758 603 806 amore
618 733 767 830 dignam
787 735 956 817 aestimas,
973 749 1008 805 et
1023 731 1170 831 gaudes,
1188 734 1218 805 si
1234 755 1295 804 rus
1312 730 1449 815 abierit,

224 857 287 931 ubi
304 855 396 930 nulli
415 872 643 953 corruptores
659 871 746 928 sunt
764 856 825 949 (ll,
846 878 899 946 19,
916 853 1017 927 velut
1032 880 1070 927 ac
1087 856 1116 926 si
1133 853 1250 928 adhuc
1265 848 1450 950 corrumpi

224 997 346 1077 posset
362 980 400 1075 !)‚
417 995 452 1051 et
468 1003 529 1075 per
548 980 673 1052 matris
687 994 722 1050 et
737 979 845 1075 patris
865 1002 947 1050 ossa
966 978 1061 1051 iuras
1078 993 1113 1049 te
1133 975 1186 1049 illi
1211 977 1254 1048 ad
1274 992 1450 1048 extremas

225 1126 439 1175 mansurum
455 1101 631 1187 tenebras,
649 1125 766 1197 neque
786 1125 837 1185 ea,
854 1124 935 1197 quae
956 1100 1000 1172 ad
1015 1116 1095 1172 tuas
1110 1088 1212 1172 aures
1227 1101 1449 1197 perveniant,

226 1250 356 1310 curare,
372 1242 407 1296 et
431 1241 533 1297 tuam
552 1224 763 1322 gravitatem
781 1246 918 1295 servare
937 1224 996 1317 (ll,
1015 1222 1099 1317 20)!
1121 1223 1156 1295 O
1173 1239 1316 1319 pectora
1337 1225 1450 1294 caeca!

217 1348 323 1430 vQuis
344 1371 489 1420 morum
510 1346 637 1420 doctor
656 1370 711 1419 res
737 1347 831 1418 inter
849 1370 886 1418 se
906 1361 1050 1418 tantum
1075 1362 1319 1443 repugnantes
1340 1343 1451 1417 simul
1485 1362 1487 1365 ’

225 1495 302 1543 esse
331 1494 438 1566 posse
464 1468 679 1565 explicabit?
706 1468 802 1550 Quis
829 1467 1093 1541 demonstrabit
1108 1492 1183 1564 quo
1204 1468 1316 1540 modo
1343 1469 1453 1540 incre·

225 1592 335 1665 dibile
354 1617 480 1665 verum
503 1593 580 1664 fieri
600 1592 743 1689 possit?

273 1715 378 1790 Ratio
403 1730 526 1786 tamen
555 1737 619 1785 sua
639 1715 717 1785 iura
741 1737 932 1809 nunquam
958 1735 1104 1808 prorsus
1132 1711 1258 1783 violari
1283 1713 1381 1784 sinit.
1402 1713 1453 1783 Ex

225 1837 351 1935 elegiis
379 1859 422 1909 22
445 1852 480 1908 et
504 1859 577 1932 seq.
598 1835 767 1908 videmus
791 1852 936 1932 poetam
956 1834 1024 1908 sibi
1050 1836 1087 1906 in
1113 1850 1212 1906 tanta
1239 1851 1452 1931 tempestate

224 1975 373 2055 portum
394 1958 614 2054 quaesivisse,
632 1982 750 2054 neque
770 1982 828 2030 eas
847 1982 924 2030 esse
944 1957 1192 2054 dedignatum,
1210 1981 1290 2054 quae
1311 1958 1452 2029 Sacram

226 2081 332 2153 Viam
362 2080 558 2152 immundo
590 2105 696 2153 socco
728 2079 974 2164 conterebant,
1005 2104 1079 2152 non
1113 2081 1162 2151 ita
1192 2096 1233 2151 ut
1262 2079 1452 2176 indignam

227 2203 415 2276 dominam
440 2201 720 2287 oblivisceretur,
743 2202 803 2276 sed
826 2219 866 2275 ut
886 2227 954 2275 suo
978 2202 1095 2274 dolori
1119 2202 1282 2275 levamen
1304 2200 1452 2298 aliquod

226 2326 376 2398 afferret.
394 2324 559 2398 Haerebat
579 2327 677 2397 enim
696 2325 767 2397 alta
787 2340 909 2397 mente
931 2324 1089 2397 infidelis
1105 2324 1235 2422 puellae
1256 2326 1388 2422 imag0,
1406 2341 1452 2410 et,

228 2473 300 2520 una
319 2464 381 2520 aut
401 2446 510 2519 altera
535 2464 640 2521 nocte
663 2446 730 2520 sibi
755 2447 844 2530 data,
867 2448 1045 2544 integrato
1065 2445 1188 2520 ardore
1207 2446 1393 2544 flagrabat,
1417 2463 1453 2520 et
1476 2485 1479 2488 ·

227 2573 357 2643 iterum
382 2569 597 2667 querebatur
616 2595 681 2642 sua
706 2572 864 2642 carmina
885 2594 961 2641 non
989 2571 1060 2642 iam
1088 2568 1115 2641 a'
1135 2569 1294 2665 Cynthia
1320 2570 1401 2672 legi,
1419 2586 1454 2642 et

228 2693 297 2767 sibi
324 2692 467 2765 nobiles
490 2693 547 2766 vel
577 2692 700 2766 beatos
719 2694 893 2788 anteponi
915 2694 981 2786 (Il,
1003 2692 1079 2787 24).
1096 2693 1181 2765 Vim
1203 2693 1388 2793 quandam
1414 2694 1452 2764 in
1510 2765 1513 2770 ,

113 2870 114 2873 ,
228 2841 299 2911 sua¹
313 2818 484 2913 patientia
504 2841 542 2888 se
566 2818 802 2888 inventurum
824 2838 901 2887 esse
921 2814 1095 2899 credebat,
1114 2817 1154 2899 Il,
1177 2835 1233 2910 25,
1257 2838 1362 2911 17·2o

301 3039 350 3109 At
366 3035 470 3109 nullo
486 3037 648 3108 dominae
663 3037 790 3109 teritur
806 3035 998 3109 molimine
1014 3053 1173 3108 amator:
1195 3038 1250 3131 (L.
1267 3035 1406 3131 Maeli.)
1488 3069 1491 3074 >

373 3160 556 3248 Restat,et
572 3159 741 3230 inmerita
756 3159 912 3230 sustinet
927 3183 1011 3231 aute
1032 3159 1159 3229 minas.

302 3279 408 3354 Ultro
429 3283 663 3377 contemptus
678 3296 790 3378 rogat,
813 3296 848 3353 et
867 3283 1031 3378 peccasse
1050 3282 1191 3365 fatetur,

230 3398 233 3404 ’
376 3405 500 3476 Laesus
520 3420 555 3476 et
574 3405 699 3476 invitis
727 3405 802 3499 ipse
822 3404 912 3475 redit
934 3403 1104 3500 pedibuS,

230 3646 265 3701 et
291 3630 403 3724 reipsa
429 3628 646 3716 inveniebat,
673 3645 762 3702 teste
789 3629 901 3728 elegia
929 3631 1002 3715 26b,
1033 3656 1075 3702 ex
1100 3655 1171 3726 qua
1197 3647 1340 3726 apparet
1362 3631 1455 3723 Cyn·

231 3750 345 3822 thiam
368 3768 512 3847 poetam
540 3751 582 3825 ad
610 3776 647 3824 se
674 3776 868 3837 revocasse,
890 3754 952 3847 qui
980 3777 1062 3824 suas
1088 3751 1211 3825 laudes
1229 3751 1456 3825 celebrandas

233 3890 432 3977 resumeret
451 3876 527 3969 (vv.
545 3899 564 3947 2
567 3876 682 3969 5-26),
701 3890 742 3946 ut
760 3875 967 3971 Propertius
988 3873 1138 3947 clamare
1158 3890 1280 3972 posset
1298 3878 1349 3970 (v.
1368 3876 1455 3970 27):

305 4091 467 4165 Multum
488 4095 526 4165 in
547 4117 669 4165 amore
688 4093 788 4179 fides,
810 4095 971 4168 multum
991 4096 1194 4168 constantia
1212 4095 1380 4192 prodest!

232 4315 276 4386 Et
298 4315 398 4411 iugo
424 4313 522 4410 quod
553 4315 590 4385 in
616 4339 660 4387 eo
688 4315 802 4387 fuerat
826 4331 867 4387 ut
896 4333 1056 4400 exueret,
1080 4333 1223 4413 recepto
1252 4315 1455 4389 bucolicum

233 4437 300 4511 sibi
330 4437 501 4534 pingebat
521 4437 728 4511 felicitatem
749 4437 854 4534 (ibid.
873 4442 1020 4535 51·32):
