3398 5468
538 560 964 652 -1—69-,

181 745 348 828 inveniri,
364 744 462 820 unde
477 759 555 817 orta
570 759 624 819 est
638 742 700 819 illa
715 744 844 840 opinio
860 766 942 839 quae
959 758 1127 818 nostrum
1143 741 1278 817 Graecis
1293 742 1411 838 poetis

69 897 72 903 ·
182 866 405 942 adnumerat.
423 866 550 941 Unum
567 889 586 939 e
606 866 779 942 sescentis
800 863 1008 961 exemplum
1029 865 1195 941 afferam:
1217 880 1258 939 ut
1277 863 1412 941 indicet

183 1004 318 1085 quanta
330 987 461 1084 gaudia
476 986 571 1067 felici
585 1003 691 1064 nocte
705 985 900 1084 collegerit,
913 1002 1086 1094 quattuor
1097 985 1271 1083 exemplis
1286 987 1410 1072 utitur,

183 1126 224 1187 ut
246 1127 331 1186 octo
348 1109 513 1188 versibus
533 1109 648 1204 elegia
666 1111 845 1222 incipiens
865 1125 956 1186 stare
977 1109 1141 1189 videatur
1159 1110 1219 1205 (Il,
1242 1131 1294 1200 ra,
1315 1110 1411 1203 1-8):

329 1359 414 1436 Non
438 1360 487 1433 ita
506 1358 690 1435 Dardanio
709 1360 856 1456 gavisus
875 1358 1002 1433 Atrida
1016 1356 1205 1454 triumpho
1222 1372 1285 1442 est,

380 1480 477 1556 Cum
494 1480 660 1556 caderent
675 1505 818 1583 magnae
839 1481 1100 1559 Laomedontis
1115 1503 1214 1576 opes,

330 1604 405 1680 Nec
426 1605 476 1679 sic
495 1627 612 1677 errore
630 1620 754 1682 exacto
770 1604 911 1681 laetatus
928 1603 1062 1687 Ulixes,
1127 1696 1130 1701 ,

379 1725 476 1798 Cum
490 1727 610 1823 tetigit
626 1751 712 1801 carae
729 1725 834 1802 litora
852 1725 1045 1810 Dulichias,

330 1849 404 1921 Nec
420 1849 471 1920 sic
485 1848 631 1936 Electra,
654 1848 795 1922 salvum
810 1874 894 1922 cum
915 1850 1048 1945 aspexit
1064 1849 1245 1933 Orestem,

380 1971 498 2044 Cuius
517 1971 605 2050 falsa
620 1988 750 2050 tenens
764 1972 912 2073 fleverat
926 1997 1008 2050 ossa
1023 1973 1118 2058 sinu,

328 2094 403 2166 Nec
423 2095 474 2168 sic
494 2093 721 2171 incolumem
741 2096 879 2172 Minois
897 2093 1038 2172 Thesea
1057 2094 1158 2179 vidit,

377 2214 584 2293 Daedalium
598 2216 676 2294 lino
697 2242 781 2295 curn
798 2216 889 2299 duce
903 2218 992 2295 texit
1004 2219 1091 2304 iter;

329 2338 478 2420 Quanta
498 2363 566 2436 ego
584 2355 651 2415 etr.

229 2590 318 2662 Post
332 2605 388 2665 tot
408 2604 536 2663 actam
552 2587 643 2666 clara
665 2589 838 2686 exempla,
865 2613 975 2666 nemo
990 2587 1196 2667 mehercule
1214 2588 1320 2684 quale
1336 2589 1414 2666 eius
1530 2611 1534 2623 ·

182 2714 290 2790 fuerit
319 2711 496 2809 gaudium
517 2711 723 2810 ignorabit!
749 2713 1032 2808 Nonnunquam
1050 2711 1127 2790 haec
1147 2736 1165 2789 e
1186 2709 1414 2808 mythologia

181 2835 395 2932 deprompta
406 2834 570 2936 exempla
585 2850 735 2930 usurpat
752 2850 792 2930 ut
812 2859 916 2912 suam
948 2836 1167 2912 sententiam
1190 2833 1410 2913 corroboret.

180 2960 242 3037 Er.
268 2984 302 3057 g.
327 2959 369 3044 Il,
388 2961 444 3044 28,
461 2980 565 3054 17-24
581 2960 631 3043 Io,
646 2959 723 3042 luo,
736 2956 972 3036 Andromede
992 2973 1027 3036 et
1045 2957 1197 3036 Callisto
1211 2956 1413 3035 ostendunt

182 3105 276 3178 saepe
296 3063 430 3158 vexatae
445 3082 529 3156 vitae
555 3079 711 3177 pericula
733 3080 893 3159 feliciore
919 3096 1016 3158 sorte
1030 3079 1143 3158 'finiri
1165 3081 1349 3166 Ceterum,
1373 3096 1414 3158 ut

183 3203 475 3301 supradiximus,
498 3203 540 3276 ad
557 3227 644 3287 rem,
659 3228 742 3298 quae
770 3219 902 3299 sponte
918 3203 1123 3301 legentibus
1140 3219 1311 3288 occurrat,
1333 3227 1411 3299 pro·
1529 3304 1533 3315 ἱ

183 3326 340 3404 bandam
355 3351 373 3400 e
390 3325 500 3423 pleno
517 3343 552 3401 et
567 3325 767 3403 abundanti
786 3327 888 3403 fonte
904 3325 1045 3403 haurire
1061 3324 1191 3403 liceret.

230 3470 353 3543 Restat
372 3483 414 3544 ut
435 3466 546 3543 huius
571 3481 690 3551 tantae,
703 3464 756 3550 et,
786 3482 826 3538 ut
852 3482 971 3563 aperte
996 3465 1171 3550 dicamus,
1190 3464 1413 3560 aliquotiens

182 3591 380 3668 fastidiosae
399 3590 559 3662 scientiae
575 3590 753 3662 rationem
772 3588 975 3665 reddamus.
1006 3588 1110 3665 Certe
1123 3587 1193 3662 dici
1209 3604 1330 3684 potest
1344 3613 1413 3661 nos

182 3715 397 3788 recentiores
408 3712 452 3784 de
467 3713 620 3807 antiquo
636 3728 742 3808 poeta
770 3710 864 3787 male
878 3711 1044 3795 iudicare,
1060 3712 1089 3783 si
1104 3712 1140 3784 in
1161 3735 1247 3789 eum
1269 3711 1414 3786 inveha-

184 3862 276 3926 mur,
287 3836 387 3934 quod
399 3837 444 3909 iis
460 3834 634 3930 exemplis
647 3858 735 3910 usus
750 3835 869 3920 fuerit,
883 3858 965 3930 quae
980 3858 1054 3909 suae
1070 3835 1185 3911 aetatis
1197 3832 1413 3910 hominibus

185 3976 272 4032 nota
286 3974 321 4033 et
332 3957 610 4054 quodammodo
624 3957 706 4028 trita
726 3972 857 4029 essent.
880 3955 948 4028 Sed
970 3954 1047 4034 haec
1062 3972 1116 4029 est
1137 3955 1224 4034 falsa
1246 3957 1415 4050 quaestio-

185 4083 242 4154 nis
258 4082 405 4179 positio
427 4080 543 4152 Ceteri
558 4081 629 4152 fere
646 4096 762 4174 poetae
782 4077 916 4150 talibus
932 4078 1065 4152 fabulis
1080 4081 1136 4151 usi
1150 4094 1238 4152 sunt
1253 4103 1261 4163 ;
1283 4061 1414 4154 usitata

184 4203 226 4278 ad
247 4203 319 4282 hoc
333 4203 488 4279 eruditio
501 4201 712 4287 sufficiebat,
727 4226 799 4298 qua
818 4225 903 4278 cum
920 4203 1178 4298 unusquisque
1198 4217 1314 4296 poeta,
1331 4216 1411 4273 tum
1499 4275 1508 4281 ἣ

185 4325 440 4421 unusquisque
466 4323 627 4401 urbanus
652 4322 764 4400 lector
795 4337 868 4399 erat
901 4323 1111 4399 instructus.
1143 4322 1330 4404 Quaeritur
1351 4347 1414 4400 cur

184 4446 403 4543 Propertius,
432 4469 502 4544 prae
539 4447 664 4520 ceteris
692 4445 879 4528 Romanis,
922 4445 1031 4521 etiam
1063 4445 1261 4540 Augusteae
1285 4445 1411 4530 aetatis
