3398 5468
697 573 891 648 —a-

194 803 196 807 ,
226 742 283 814 nd
300 742 499 836 Cynthiam
521 743 642 814 missae
663 758 750 812 sunt
771 740 897 834 elegiae
922 759 976 834 15,
997 764 1051 831 19,
1076 761 1133 825 20,
1151 755 1185 810 et
1204 761 1251 829 24
1272 738 1334 811 ubi
1355 737 1408 808 illi

178 882 285 962 poeta
301 862 477 937 valedicit.
499 866 553 936 De
574 863 735 958 Cynthia
754 863 864 959 paulo
884 862 1031 936 uberius
1047 878 1163 959 agunt
1183 860 1307 957 elegiae
1324 864 1356 942 6,
1375 862 1408 943 8,

183 1010 236 1072 10,
271 1010 324 1071 11,
351 992 405 1073 16,
437 1009 490 1080 17,
517 1011 572 1059 21.
598 986 864 1058 Confitendum
891 1002 945 1056 est
971 1001 1093 1056 tamen
1116 987 1153 1055 in
1179 985 1338 1055 carmine
1367 1005 1405 1053 11

178 1126 324 1206 poetam
340 1134 359 1181 a
376 1109 546 1203 Cynthiae
563 1110 727 1204 potentia
743 1132 869 1179 orsum
887 1119 973 1177 mox
989 1107 1026 1177 in
1046 1130 1158 1204 unam
1180 1105 1411 1201 Cleopatram

179 1230 314 1314 invehi,
341 1246 382 1303 ut
417 1232 455 1301 in
484 1228 659 1326 ambiguo
679 1230 725 1300 sit
750 1231 833 1324 quis
857 1251 962 1300 verus
984 1229 1160 1324 Propertii
1180 1229 1267 1300 finis
1291 1227 1411 1310 fuerit,

179 1369 305 1424 utrum
322 1355 359 1424 in
376 1377 499 1424 amore
513 1369 676 1424 versetur
691 1351 816 1448 elegia,
828 1376 872 1423 an
889 1350 950 1422 illa
961 1351 1004 1422 de
1017 1352 1238 1422 feminarum
1249 1351 1412 1445 potentia

180 1475 343 1571 exempla
371 1492 475 1571 poeta
502 1476 725 1570 congesserit
752 1491 792 1546 ut
820 1475 980 1570 pistrinae
1008 1473 1060 1545 illi
1088 1472 1231 1557 caudae,
1259 1496 1341 1568 quae
1369 1472 1412 1544 de

180 1598 371 1693 Cleopatra
397 1599 471 1694 agit
497 1614 532 1669 et
557 1621 640 1668 vera
666 1594 781 1694 elegia
807 1621 884 1669 esse
911 1595 1065 1681 videtur,
1092 1612 1199 1691 caput
1225 1594 1413 1690 quoddam

58 1732 60 1735 ’
181 1721 390 1816 praefigeret.
408 1720 483 1790 Iam
505 1719 658 1815 elegiam
679 1739 732 1810 17,
756 1717 819 1789 ubi
836 1735 942 1814 poeta
961 1716 1144 1789 Bacchum
1165 1733 1256 1796 orat,
1283 1733 1324 1788 ut
1337 1717 1414 1787 suis

182 1843 276 1913 curis
293 1840 513 1912 medicinam
528 1864 628 1912 mero
642 1841 775 1921 afferat,
791 1840 1001 1936 Propertius
1016 1837 1261 1910 verisimiliter
1274 1839 1415 1934 scripsit
1520 1873 1523 1880 ⁷

183 1978 224 2033 ut
237 1986 320 2033 suas
336 1963 373 2033 in
388 1960 621 2054 dithyrambo
634 1962 728 2033 vires
744 1962 971 2057 experiretur.

230 2097 433 2167 Veniamus
460 2095 503 2166 ad
537 2094 623 2165 alias
659 2092 791 2192 elegias
824 2097 861 2166 in
896 2093 1052 2189 quibus,
1087 2095 1255 2188 quamvis
1289 2117 1343 2164 res
1377 2095 1413 2164 in

184 2219 398 2289 universum
415 2219 599 2288 amatoriae
616 2233 822 2301 tractentur,
845 2234 967 2288 tamen
990 2218 1105 2313 magis
1127 2232 1271 2312 poetam
1292 2215 1417 2312 elegia-

184 2364 269 2411 cum
289 2338 333 2412 de
359 2364 424 2411 sua
447 2342 595 2411 materia
617 2341 853 2413 disserentem
875 2363 984 2434 quam
1007 2338 1195 2411 turbatum
1217 2330 1425 2410 amatorem

184 2461 443 2558 deprehendas.
462 2463 607 2558 Septem
624 2462 881 2536 huiuscemodi
896 2461 1029 2559 elegias
1050 2460 1240 2546 habemus,
1264 2484 1415 2556 nempe:

190 2609 203 2656 1
223 2602 257 2657 et
274 2607 305 2670 2,
322 2610 412 2680 quas
432 2586 600 2658 Muretus
619 2603 655 2657 et
670 2583 826 2682 Scaliger
846 2587 1064 2668 iunxerunt;
1086 2607 1116 2675 3,
1138 2582 1253 2678 5(ubi
1272 2586 1423 2679 Proper-y

185 2709 258 2778 tius
273 2707 464 2802 profitetur
479 2732 526 2791 se,
555 2711 723 2803 praesenti
750 2724 914 2803 tempore
932 2709 970 2778 in
992 2705 1105 2802 elegia
1125 2722 1319 2791 versatum,
1341 2730 1419 2801 pro-

185 2831 340 2901 vectiore
356 2846 459 2901 aetate
481 2846 617 2902 naturae
638 2829 735 2926 leges
751 2855 827 2902 esse
843 2829 1147 2923 celebraturum);
1168 2851 1206 2918 17
1231 2845 1265 2899 et
1283 2849 1336 2917 14,
1355 2827 1418 2900 ubi

186 2954 436 3026 Romanarum
455 2952 677 3024 feminarum
698 2978 818 3025 mores
839 2954 1000 3048 antiquis
1023 2951 1079 3023 vel
1106 2952 1289 3047 Spartanis
1314 2952 1421 3022 mori-

187 3073 255 3146 bus
272 3076 448 3171 opponit;
472 3091 507 3145 et
530 3095 587 3163 23,
612 3074 675 3147 ubi
696 3075 739 3147 de
765 3077 841 3148 suis
864 3076 1059 3171 deperditis
1081 3073 1226 3146 tabellis
1246 3075 1419 3169 queritur,

187 3220 269 3292 quae
290 3196 429 3292 puellas
449 3195 586 3292 placare
606 3199 791 3289 nonerant.
1110 3175 1111 3178 ¹

176 3429 181 3436 ¹
235 3331 311 3401 Iam
339 3346 473 3402 restant
500 3355 560 3402 sex
587 3329 710 3426 elegiae
737 3331 781 3403 ab
814 3355 937 3403 amore
967 3331 1073 3426 plane
1099 3330 1241 3415 alienae,
1270 3329 1357 3402 scil:
1386 3317 1430 3420 4,

188 3451 251 3523 ubi
291 3468 414 3524 tamen
456 3453 499 3524 de
539 3476 626 3524 carae
665 3452 796 3548 puellae
843 3455 928 3525 sinu
970 3438 1093 3525 noster
1130 3451 1318 3548 loquitur,
1358 3453 1420 3524 sed

189 3599 270 3670 quae
297 3577 477 3671 praecipue
504 3576 654 3648 Caesaris
686 3579 795 3649 armis
832 3577 949 3648 fausta
985 3577 1111 3648 omina
1147 3577 1272 3659 canit;
1305 3576 1421 3671 7(de

188 3699 289 3770 Paeto
324 3700 526 3792 mortuo),
564 3721 602 3789 9,
640 3699 702 3771 ubi
742 3701 928 3770 materiam
976 3700 1049 3770 iam
1087 3700 1143 3783 H,
1182 3722 1196 3770 1
1237 3715 1422 3770 tractatam

190 3819 313 3891 incudi
343 3819 482 3905 reddit;
516 3843 556 3891 12
585 3820 648 3915 (ad
675 3822 898 3893 Postumum
926 3819 969 3891 de
996 3822 1075 3891 eius
1103 3824 1257 3916 uxore);
1289 3825 1331 3892 18
1358 3821 1422 3917 (de

188 3941 347 4014 Marcelli
376 3943 522 4036 morte),
552 3959 587 4014 et
615 3965 658 4014 11
686 3943 754 4037 (ad
780 3942 935 4015 Tullum
963 3943 1006 4014 de
1034 3943 1113 4015 eius
1140 3945 1177 4014 in
1206 3943 1422 4041 longinquis

191 4063 401 4159 regionibus
429 4066 560 4159 mora).
587 4064 672 4136 Tria
699 4067 810 4162 igitur
836 4066 994 4136 carmina
1014 4066 1067 4159 (7,
1094 4087 1147 4150 11,
1173 4068 1243 4160 11)
1263 4067 1422 4137 amicum

191 4188 327 4258 amicos
354 4204 552 4271 curantem,
575 4189 641 4258 tria
667 4190 733 4282 (4,
756 4211 794 4279 9,
821 4190 887 4282 18)
913 4185 1059 4283 poetam
1087 4189 1295 4261 Maecenatis
1323 4191 1423 4287 gregi

191 4308 411 4404 adscriptum
450 4310 677 4405 significant,
707 4310 842 4405 quibus
882 4312 1081 4382 novissime
1118 4313 1234 4383 citatis
1271 4313 1423 4384 forsitan

192 4454 335 4502 carmen
368 4453 406 4501 11
438 4429 648 4503 addendum
676 4449 739 4503 est.

1349 4613 1359 4659 5
