3398 5468
746 532 941 616 -2'6-

230 731 530 829 elegiam'primo
558 732 692 803 amoris
726 749 893 827 tempore
935 754 1011 802 esse
1050 746 1237 802 exaratam.
1284 729 1354 802 Cui
1392 711 1461 802 res·

231 854 403 952 pondebo
431 853 524 927 hanc
555 855 864 951 comparationem
895 852 987 925 nihil
1023 852 1171 949 probare
1201 854 1271 925 nisi
1307 855 1332 938 l,
1375 877 1388 925 r
1420 855 1457 924 in
1503 857 1505 861 ’

230 980 350 1076 primo
393 978 486 1050 libro
533 978 695 1073 primum
735 976 940 1050 obtinuisse
982 975 1117 1048 locum.
1156 978 1210 1048 De
1243 975 1459 1048 Milanionis

232 1101 398 1198 exemplo
426 1103 477 1196 (V.
503 1102 605 1196 9·10)
634 1125 720 1196 qu0,
750 1100 996 1196 Herzbergum
1028 1116 1185 1184 secutus,
1214 1100 1330 1171 evinci
1358 1114 1461 1194 putat

232 1241 378 1322 poetam
402 1249 478 1296 non
506 1224 576 1296 hoc
599 1248 701 1320 agere
722 1239 762 1295 ut
783 1223 973 1296 dominam
994 1238 1187 1319 recuperet,
1207 1222 1268 1293 sed
1285 1237 1325 1293 ut
1341 1222 1460 1319 primo

233 1372 310 1420 sese
331 1348 368 1419 in
401 1348 479 1419 eius
498 1370 661 1419 amorem
682 1347 855 1435 insinuet,
878 1345 993 1418 dicam
1015 1343 1138 1419 solum
1158 1369 1362 1440 recuperare
1383 1368 1459 1416 non

232 1472 330 1544 aliud
358 1497 435 1545 esse
464 1473 534 1544 nisi
560 1473 691 1544 iterum
716 1471 875 1566 adipisci.
901 1470 1014 1552 Quod
1041 1471 1084 1542 ad
1113 1471 1207 1542 duos
1241 1469 1310 1566 hos
1336 1493 1462 1542 versus

232 1596 371 1678 attinet,
403 1595 466 1695 qui
494 1609 604 1666 sunt:

357 1808 433 1879 Vos
460 1824 652 1893 remanete,
682 1807 816 1904 quibus
842 1807 937 1880 facili
964 1808 1210 1880 deusannuit
1236 1831 1336 1890 aure,
1427 1792 1428 1796 ¹

454 1930 539 2002 Sitis
568 1946 603 2002 et
631 1931 777 2002 intuto
804 1954 946 2026 semper
971 1955 1093 2002 amore
1120 1954 1237 2027 pareS,

174 2138 176 2140 V
235 2154 351 2224 maior
396 2176 531 2249 versus,
580 2176 598 2223 e
641 2176 716 2247 quo
766 2151 960 2224 Brandtius
1006 2153 1153 2224 tertium
1203 2167 1463 2249 argumentum

234 2275 426 2370 depromit,
460 2273 552 2346 nihil
592 2274 635 2345 ad
666 2298 739 2346 rem
782 2275 879 2360 dicit,
908 2276 1030 2347 minor
1057 2253 1180 2371 aperte
1217 2291 1342 2353 contra
1377 2298 1462 2346 eum

153 2491 155 2496 Ι
233 2397 327 2482 facit,
366 2413 401 2469 et
421 2395 548 2493 probat
576 2415 720 2493 poetam
746 2414 781 2470 et
810 2397 1007 2492 Cynthiam
1039 2422 1114 2469 non
1148 2421 1290 2494 semper
1313 2398 1350 2468 in
1382 2412 1464 2468 tuto

233 2544 356 2592 amore
396 2544 496 2616 pares
546 2520 669 2593 fuisse.
729 2523 770 2592 In
821 2522 1039 2593 sententiam
1085 2521 1195 2616 igitur
1241 2518 1464 2591 lachmanni

235 2641 411 2728 eundum,
439 2643 501 2737 qui
530 2644 690 2738 primum
716 2669 858 2715 carmen
892 2669 935 2715 eo
967 2659 1130 2740 tempore
1174 2644 1349 2739 scriptum
1387 2666 1465 2714 esse

236 2781 368 2849 censet,
400 2788 474 2860 quo
501 2765 708 2861 Propertius
740 2791 759 2836 a
791 2765 950 2859 Cynthia
984 2781 1077 2858 esset
1109 2765 1263 2837 relictus.
1293 2764 1464 2837 Ceterum

236 2889 320 2974 ell,
345 2912 374 2979 3,
394 2913 414 2982 3

368 3105 438 3176 Vix
465 3128 584 3176 unum
612 3119 732 3199 poteS,
754 3103 894 3188 infelix,
917 3103 1138 3197 requiescere
1165 3125 1330 3173 mensem

236 3327 353 3399 elucet
380 3327 451 3397 iam
479 3341 562 3397 ante
589 3327 749 3423 primum
777 3324 919 3404 librum.
934 3322 1145 3396 absolutum
1174 3323 1368 3396 discidium
1397 3347 1467 3395 ces·

236 3451 381 3522 savisse.
403 3450 518 3520 Locos
539 3450 602 3544 qui
623 3464 711 3521 sunt
730 3449 770 3533 ll,
797 3471 848 3532 11,
873 3472 892 3520 r
918 3447 1095 3543 (scribant
1115 3448 1158 3519 de
1180 3463 1213 3519 te
1234 3446 1324 3542 alii),
1345 3448 1387 3530 Il,
1409 3468 1466 3537 24,

239 3595 257 3664 9
285 3573 461 3666 (quaerere
485 3569 604 3665 viles),
620 3571 677 3656 ΙΙΙ,
700 3592 757 3655 20,
782 3574 823 3642 16
845 3568 1052 3665 (scribenda
1074 3569 1129 3641 lex
1148 3571 1328 3661 inaniore
1349 3571 1468 3663 novo)

237 3692 370 3766 adalia
399 3695 541 3765 minora
571 3693 721 3765 discidia
753 3693 876 3765 refero

287 3818 383 3899 Quae
420 3842 527 3889 causa
560 3817 701 3889 discidii
730 3818 847 3901 fuerit,
877 3817 913 3887 in
952 3817 1089 3888 incerto
1119 3832 1182 3888 est.
1212 3816 1307 3887 Cum
1337 3837 1468 3885 omnes

237 3942 306 4031 viri
337 3940 433 4012 docti
459 3965 537 4012 eam
567 3939 652 4012 fidei
674 3939 912 4011 violationem
933 3940 1046 4010 fuisse
1068 3940 1325 4022 existimarent,
1349 3938 1469 4024 Knau-

238 4063 338 4135 thius
367 4065 420 4159 (p.
452 4064 581 4156 20-21)
610 4061 844 4134 consideratis
878 4060 1041 4133 versibus
1081 4063 1144 4156 qui
1184 4087 1216 4131 v,
1259 4061 1316 4144 ΙΙΙ,
1360 4062 1413 4143 16,
1447 4083 1466 4151 9

240 4185 463 4282 prcecedunt,
497 4184 729 4281 probabiliter
758 4210 842 4256 sane
874 4185 1027 4256 affirmat
1062 4184 1289 4279 Propertium
1327 4181 1467 4253 iubenti

239 4309 409 4403 Cyntbiae
439 4334 512 4380 non
535 4309 732 4382 advenisse.
765 4307 1026 4404 llludlopinor,
1057 4307 1253 4401 Cynthium
1293 4305 1468 4400 Propertii

240 4457 380 4505 moram
410 4431 516 4503 alicui
546 4431 629 4504 fidei
654 4430 845 4503 violationi
876 4430 1055 4514 tribuisse,
1084 4431 1132 4501 ita
1168 4447 1207 4501 ut
1238 4453 1337 4500 mora
1373 4452 1469 4499 occa-
