3398 5468
705 610 877 680 „7-

178 775 324 872 negabit
338 776 595 848 hancaetatum
615 775 892 874 discrepantiam
921 754 1022 852 haud
1040 805 1168 876 parum
1198 784 1241 856 ad
1269 783 1406 859 diutur-

179 900 329 972 nitatem
357 923 527 971 amorum
542 898 712 973 valuisse.

225 1023 300 1094 lam
316 1021 359 1093 ad
386 1016 464 1107 alia,
487 1023 602 1119 magis
622 1024 660 1094 in
677 1023 853 1122 ambiguo
876 1027 953 1110 sita,
971 1028 1194 1100 accedamus.
1214 1030 1402 1111 Quaeritur
1435 1074 1437 1078 ·

138 1130 140 1137 ¹
177 1146 337 1240 primum
358 1132 433 1239 quo
448 1143 530 1216 loco
549 1144 670 1241 puella
686 1162 769 1218 nata
794 1147 851 1218 sit.
868 1147 1109 1247 Hertzbergus
1124 1150 1285 1245 (Quaest.
1297 1155 1402 1251 Prop.

176 1290 210 1362 p.
230 1269 297 1363 40)
311 1267 511 1360 Cynthiam
526 1267 661 1341 Tibure
691 1284 812 1341 natam
839 1288 917 1343 ¹esse
945 1270 1036 1357 vult,
1052 1296 1071 1344 e
1094 1297 1199 1347 versu
1218 1276 1276 1360 IV,
1295 1297 1328 1370 7,
1343 1280 1400 1369 85,

177 1392 240 1486 qui
261 1392 312 1463 sic
326 1390 370 1462 ab
385 1390 450 1462 illo
470 1391 660 1464 scribitur:

370 1605 563 1692 Tiburtina
589 1608 679 1678 iacet
707 1605 774 1678 hac
797 1631 902 1681 aurea
924 1608 1084 1701 Cynthia
1106 1626 1206 1683 terra.

101 1922 103 1925 v
176 1826 294 1899 Ceteri
305 1828 375 1900 fere
390 1826 670 1912 editores,ltalos
690 1830 815 1914 secuti,
833 1853 878 1901 ne
893 1830 931 1901 in
952 1832 1020 1903 arsi
1040 1833 1135 1903 tertii
1151 1831 1252 1928 pedis
1267 1833 1404 1928 syllaba

176 1949 440 2046 produceretur,
472 1952 523 2024 sic
544 1951 643 2024 hunc
658 1976 804 2025 versum
824 1953 926 2049 'typis
943 1953 1208 2028 mandaverunt
1232 1981 1239 2028 :
1475 1933 1477 1936 Ι

370 2174 438 2245 Hic
451 2171 644 2246 Tiburtina
667 2176 757 2246 iacet
783 2199 887 2247 aurea
919 2175 1079 2270 Cynthia
1105 2191 1205 2263 terra,

176 2397 238 2470 ubi
252 2422 323 2469 vox
347 2397 526 2470 Tiburtina
543 2421 626 2470 cum
642 2422 731 2470 voce
760 2409 847 2470 terra
871 2398 1057 2495 iungenda
1077 2415 1140 2484 est,
1170 2398 1267 2472 unde
1289 2399 1403 2472 effice·

176 2539 272 2592 retur
301 2519 500 2614 Cynthiam
534 2544 609 2591 non
644 2519 779 2592 Tibure
805 2535 948 2606 natam,
981 2520 1043 2592 sed
1071 2521 1250 2618 sepultam
1277 2521 1400 2594 fuisse.

176 2642 385 2716 Oblocutus
410 2659 464 2715 est
488 2643 648 2715 Marxius
662 2644 735 2738 (De
753 2643 929 2740 Propertii
945 2644 1019 2715 vita
1034 2659 1069 2716 et
1083 2643 1259 2716 librorum
1276 2644 1402 2717 ordine

175 2765 485 2863 temporibusque,
517 2766 647 2862 Lipsiae
671 2768 774 2856 1884,
816 2791 849 2862 p.
882 2787 924 2861 57
948 2781 983 2838 et
1008 2767 1102 2861 seq.)
1144 2766 1207 2862 qui
1230 2789 1263 2838 v.
1294 2769 1400 2839 81·86

85 2951 87 2955 ,
174 2890 318 2986 spurios
345 2913 422 2963 esse
455 2888 600 2975 iudicat,
629 2904 664 2960 et
693 2889 865 2984 opinatur
890 2889 1128 2962 Tiburtinum
1162 2888 1322 2985 aliquem
1351 2891 1403 2961 in-

173 3011 429 3109 terpolatorem
457 3011 655 3106 Cynthium
672 3013 898 3107 municipem
929 3011 997 3084 sibi
1024 3011 1207 3084 vindicare
1227 3011 1399 3085 voluisse.

175 3134 325 3208 Certum
358 3152 412 3208 est
445 3135 488 3208 de
519 3159 552 3205 v,
583 3137 625 3227 85
668 3132 783 3207 bonas
817 3134 1046 3218 membranas
1088 3133 1290 3207 dissentire
1319 3134 1400 3229 (sed

173 3258 335 3332 Tiburna
358 3257 468 3352 (Tyb.
498 3259 551 3352 D)
579 3258 669 3329 iacet
698 3257 817 3330 hicN
849 3259 904 3343 D;
952 3258 1013 3330 sed
1064 3256 1256 3330 Tiburtina
1311 3259 1431 3331 iacet.

174 3380 234 3453 hic
259 3383 304 3477 F)
331 3380 393 3453 ubi
417 3379 570 3454 verbum
619 3379 719 3475 quod
752 3396 805 3452 est
838 3380 893 3453 sed
931 3378 1134 3452 foedissime
1175 3381 1338 3452 otiosum
1382 3406 1401 3452 e

174 3504 388 3601 praecedenti
410 3529 515 3579 versu
545 3505 688 3578 videtur
714 3505 906 3601 irrepsisse,
942 3520 977 3577 et
1003 3505 1234 3576 temerarium
1268 3528 1356 3587 esse,
1382 3529 1400 3577 e

174 3626 256 3700 loco
275 3626 595 3724 prope'desperato
616 3626 754 3723 aliquid
775 3629 860 3700 certi
884 3626 928 3699 de
954 3625 1122 3720 Cynthiae
1142 3627 1254 3721 patria
1275 3624 1401 3699 elicere
1455 3663 1457 3668 ·

173 3750 276 3823 velle.
293 3747 471 3824 'Ceterum
491 3749 612 3847 (quod
632 3775 650 3823 a
669 3751 808 3823 Marxio
828 3750 1117 3843 demonstratur)
1134 3765 1169 3820 et
1189 3747 1400 3843 Cynthiam‚

175 3898 259 3946 cum
278 3876 357 3947 eius
380 3873 570 3970 splendida
587 3873 685 3946 fama
707 3877 726 3946 a
745 3873 853 3946 docto
873 3897 940 3945 avo
963 3871 1154 3970 refulgeret
1173 3872 1251 3967 (ΙΙΙ,
1271 3894 1328 3957 20,
1347 3873 1400 3966 7),

174 3999 377 4072 Romanam
391 3998 503 4070 fuisse
523 3996 721 4080 verisimile
736 4013 789 4069 est
808 3995 926 4089 (unde
945 3993 1155 4092 Hertzbergi
1176 3993 1284 4066 lectio
1304 3993 1402 4066 refel-

175 4120 302 4217 litur);
329 4137 364 4193 et
397 4145 481 4193 cum
507 4145 525 4192 e
551 4120 668 4216 parvis
700 4120 879 4215 exsequiis
907 4118 1075 4191 festinate
1104 4117 1286 4213 perfectis,
1318 4133 1399 4188 tum

174 4267 193 4315 e
221 4258 300 4316 toto
333 4244 497 4341 septimae
531 4242 654 4340 elegiae
681 4243 796 4338 quarti
823 4239 903 4312 libri
933 4256 1058 4313 tenore
1090 4240 1167 4311 iure
1204 4238 1400 4331 concludas

175 4366 372 4461 Cynthium
412 4391 487 4438 non
521 4365 667 4451 Tibure,
703 4365 765 4436 sed
798 4365 925 4438 Romae
965 4386 1041 4434 esse
1069 4362 1250 4459 sepultam
1281 4363 1399 4458 (unde

173 4490 347 4563 refellitur
365 4490 512 4587 vulgata
532 4513 574 4561 ex
592 4488 690 4562 ltalis
710 4488 816 4560 ducta
837 4485 973 4579 lectio).
1001 4486 1140 4557 Marxio
1165 4487 1276 4582 igitur
1295 4485 1400 4560 adsti-
