<?xml version="1.0" encoding="UTF-8"?>
<!DOCTYPE html PUBLIC "-//W3C//DTD XHTML 1.0 Transitional//EN"
    "http://www.w3.org/TR/xhtml1/DTD/xhtml1-transitional.dtd">
<html xmlns="http://www.w3.org/1999/xhtml" xml:lang="en" lang="en">
 <head>
  <title>
</title>
<meta http-equiv="Content-Type" content="text/html;charset=utf-8" />
  <meta name='ocr-system' content='tesseract 3.04.00' />
  <meta name='ocr-capabilities' content='ocr_page ocr_carea ocr_par ocr_line ocrx_word'/>
</head>
<body>
  <div class='ocr_page' id='page_1' title='image "./desexpropertiia00bonagoog_0073.png"; bbox 0 0 3398 5468; ppageno 0'>
   <div class='ocr_carea' id='block_1_1' title="bbox 747 585 938 653">
    <p class='ocr_par' dir='ltr' id='par_1_1' title="bbox 747 585 938 653">
     <span class='ocr_line' id='line_1_1' title="bbox 747 585 938 653; baseline -0.01 -19"><span class='ocrx_word' id='word_1_1' title='bbox 747 585 938 653; x_wconf 60' lang='lat'>,60-</span> 
     </span>
    </p>
   </div>
   <div class='ocr_carea' id='block_1_2' title="bbox 208 766 1463 2306">
    <p class='ocr_par' dir='ltr' id='par_1_2' title="bbox 231 766 1463 1961">
     <span class='ocr_line' id='line_1_2' title="bbox 281 766 1461 850; baseline -0.003 -11"><span class='ocrx_word' id='word_1_2' title='bbox 281 768 395 850; x_wconf 89' lang='lat' dir='ltr'>Quod</span> <span class='ocrx_word' id='word_1_3' title='bbox 416 769 445 838; x_wconf 88' lang='lat' dir='ltr'>si</span> <span class='ocrx_word' id='word_1_4' title='bbox 470 791 569 837; x_wconf 92' lang='lat' dir='ltr'>nunc</span> <span class='ocrx_word' id='word_1_5' title='bbox 591 766 659 839; x_wconf 93' lang='lat' dir='ltr'>hos</span> <span class='ocrx_word' id='word_1_6' title='bbox 679 768 797 838; x_wconf 89' lang='lat' dir='ltr'>varios</span> <span class='ocrx_word' id='word_1_7' title='bbox 832 790 1007 837; x_wconf 89' lang='lat' dir='ltr'>numeros</span> <span class='ocrx_word' id='word_1_8' title='bbox 1037 766 1397 850; x_wconf 69' lang='lat' dir='ltr'>consideraverimus</span> <span class='ocrx_word' id='word_1_9' title='bbox 1418 790 1461 837; x_wconf 86' lang='lat' dir='ltr'>ex</span> 
     </span>
     <span class='ocr_line' id='line_1_3' title="bbox 231 886 1460 986; baseline -0.002 -25"><span class='ocrx_word' id='word_1_10' title='bbox 231 890 454 986; x_wconf 83' lang='lat' dir='ltr'>argumentis</span> <span class='ocrx_word' id='word_1_11' title='bbox 477 891 633 960; x_wconf 91' lang='lat' dir='ltr'>tractatis</span> <span class='ocrx_word' id='word_1_12' title='bbox 661 886 816 959; x_wconf 85' lang='lat' dir='ltr'><strong>elucebit</strong></span> <span class='ocrx_word' id='word_1_13' title='bbox 842 904 986 983; x_wconf 90' lang='lat' dir='ltr'>poetam</span> <span class='ocrx_word' id='word_1_14' title='bbox 1009 886 1074 958; x_wconf 92' lang='lat' dir='ltr'>illo</span> <span class='ocrx_word' id='word_1_15' title='bbox 1095 903 1259 981; x_wconf 90' lang='lat' dir='ltr'>tempore</span> <span class='ocrx_word' id='word_1_16' title='bbox 1290 912 1366 959; x_wconf 93' lang='lat' dir='ltr'>non</span> <span class='ocrx_word' id='word_1_17' title='bbox 1387 889 1460 959; x_wconf 92' lang='lat' dir='ltr'>iam</span> 
     </span>
     <span class='ocr_line' id='line_1_4' title="bbox 231 1006 1460 1104; baseline -0.002 -24"><span class='ocrx_word' id='word_1_18' title='bbox 231 1011 269 1080; x_wconf 95' lang='lat' dir='ltr'>in</span> <span class='ocrx_word' id='word_1_19' title='bbox 303 1007 462 1102; x_wconf 91' lang='lat' dir='ltr'>Cynthia</span> <span class='ocrx_word' id='word_1_20' title='bbox 496 1008 608 1080; x_wconf 82' lang='lat' dir='ltr'>fuisse</span> <span class='ocrx_word' id='word_1_21' title='bbox 648 1008 888 1104; x_wconf 90' lang='lat' dir='ltr'>deperditum,</span> <span class='ocrx_word' id='word_1_22' title='bbox 929 1007 990 1079; x_wconf 91' lang='lat' dir='ltr'>sed</span> <span class='ocrx_word' id='word_1_23' title='bbox 1030 1006 1196 1079; x_wconf 83' lang='lat' dir='ltr'>liberiore</span> <span class='ocrx_word' id='word_1_24' title='bbox 1235 1009 1360 1079; x_wconf 92' lang='lat' dir='ltr'>animo</span> <span class='ocrx_word' id='word_1_25' title='bbox 1395 1031 1460 1079; x_wconf 87' lang='lat' dir='ltr'>sua</span> 
     </span>
     <span class='ocr_line' id='line_1_5' title="bbox 232 1131 1462 1227; baseline -0.002 -23"><span class='ocrx_word' id='word_1_26' title='bbox 232 1135 389 1205; x_wconf 89' lang='lat' dir='ltr'>carmina</span> <span class='ocrx_word' id='word_1_27' title='bbox 410 1133 603 1227; x_wconf 87' lang='lat' dir='ltr'>scripsisse,</span> <span class='ocrx_word' id='word_1_28' title='bbox 626 1149 667 1203; x_wconf 88' lang='lat' dir='ltr'>ut</span> <span class='ocrx_word' id='word_1_29' title='bbox 692 1156 767 1202; x_wconf 91' lang='lat' dir='ltr'>non</span> <span class='ocrx_word' id='word_1_30' title='bbox 801 1156 904 1202; x_wconf 93' lang='lat' dir='ltr'>suam</span> <span class='ocrx_word' id='word_1_31' title='bbox 936 1148 1080 1203; x_wconf 91' lang='lat' dir='ltr'>tanturn</span> <span class='ocrx_word' id='word_1_32' title='bbox 1109 1131 1366 1202; x_wconf 90' lang='lat' dir='ltr'>condicionem</span> <span class='ocrx_word' id='word_1_33' title='bbox 1394 1155 1462 1202; x_wconf 90' lang='lat' dir='ltr'>res·</span> 
     </span>
     <span class='ocr_line' id='line_1_6' title="bbox 232 1252 1461 1352; baseline -0.002 -26"><span class='ocrx_word' id='word_1_34' title='bbox 232 1257 373 1352; x_wconf 86' lang='lat' dir='ltr'>piceret,</span> <span class='ocrx_word' id='word_1_35' title='bbox 391 1253 452 1326; x_wconf 93' lang='lat' dir='ltr'>sed</span> <span class='ocrx_word' id='word_1_36' title='bbox 468 1278 522 1326; x_wconf 91' lang='lat' dir='ltr'>res</span> <span class='ocrx_word' id='word_1_37' title='bbox 538 1255 730 1325; x_wconf 92' lang='lat' dir='ltr'>amatorias</span> <span class='ocrx_word' id='word_1_38' title='bbox 745 1253 902 1349; x_wconf 90' lang='lat' dir='ltr'>generali</span> <span class='ocrx_word' id='word_1_39' title='bbox 920 1253 1034 1325; x_wconf 92' lang='lat' dir='ltr'>modo</span> <span class='ocrx_word' id='word_1_40' title='bbox 1048 1269 1082 1325; x_wconf 92' lang='lat' dir='ltr'>et</span> <span class='ocrx_word' id='word_1_41' title='bbox 1098 1255 1201 1349; x_wconf 86' lang='lat' dir='ltr'>quasi</span> <span class='ocrx_word' id='word_1_42' title='bbox 1217 1252 1261 1324; x_wconf 92' lang='lat' dir='ltr'>de</span> <span class='ocrx_word' id='word_1_43' title='bbox 1277 1255 1461 1349; x_wconf 87' lang='lat' dir='ltr'>superiore</span> 
     </span>
     <span class='ocr_line' id='line_1_7' title="bbox 232 1374 1461 1472; baseline -0.001 -23"><span class='ocrx_word' id='word_1_44' title='bbox 232 1377 314 1449; x_wconf 90' lang='lat' dir='ltr'>loco</span> <span class='ocrx_word' id='word_1_45' title='bbox 334 1378 559 1461; x_wconf 88' lang='lat' dir='ltr'>intueretur;</span> <span class='ocrx_word' id='word_1_46' title='bbox 576 1375 687 1448; x_wconf 87' lang='lat' dir='ltr'>simul</span> <span class='ocrx_word' id='word_1_47' title='bbox 707 1374 813 1448; x_wconf 91' lang='lat' dir='ltr'>illum</span> <span class='ocrx_word' id='word_1_48' title='bbox 830 1377 945 1472; x_wconf 88' lang='lat' dir='ltr'>magis</span> <span class='ocrx_word' id='word_1_49' title='bbox 959 1378 1015 1447; x_wconf 93' lang='lat' dir='ltr'>sui</span> <span class='ocrx_word' id='word_1_50' title='bbox 1036 1378 1168 1471; x_wconf 93' lang='lat' dir='ltr'>poetici</span> <span class='ocrx_word' id='word_1_51' title='bbox 1189 1377 1328 1472; x_wconf 84' lang='lat' dir='ltr'>ingenii</span> <span class='ocrx_word' id='word_1_52' title='bbox 1348 1376 1461 1448; x_wconf 82' lang='lat' dir='ltr'>fuisse</span> 
     </span>
     <span class='ocr_line' id='line_1_8' title="bbox 232 1496 1459 1594; baseline -0.002 -23"><span class='ocrx_word' id='word_1_53' title='bbox 232 1500 422 1572; x_wconf 90' lang='lat' dir='ltr'>conscium</span> <span class='ocrx_word' id='word_1_54' title='bbox 438 1515 473 1569; x_wconf 88' lang='lat' dir='ltr'>et</span> <span class='ocrx_word' id='word_1_55' title='bbox 489 1496 556 1569; x_wconf 93' lang='lat' dir='ltr'>sibi</span> <span class='ocrx_word' id='word_1_56' title='bbox 575 1496 699 1592; x_wconf 91' lang='lat' dir='ltr'>aliquo</span> <span class='ocrx_word' id='word_1_57' title='bbox 722 1498 834 1569; x_wconf 89' lang='lat' dir='ltr'>modo</span> <span class='ocrx_word' id='word_1_58' title='bbox 855 1497 978 1593; x_wconf 90' lang='lat' dir='ltr'>elegiae</span> <span class='ocrx_word' id='word_1_59' title='bbox 994 1499 1236 1594; x_wconf 84' lang='lat' dir='ltr'>principatum</span> <span class='ocrx_word' id='word_1_60' title='bbox 1260 1498 1434 1571; x_wconf 89' lang='lat' dir='ltr'>detulisse</span> <span class='ocrx_word' id='word_1_61' title='bbox 1451 1524 1459 1584; x_wconf 89' lang='lat'>;</span> 
     </span>
     <span class='ocr_line' id='line_1_9' title="bbox 232 1619 1461 1717; baseline -0.002 -25"><span class='ocrx_word' id='word_1_62' title='bbox 232 1637 398 1716; x_wconf 87' lang='lat' dir='ltr'>praeterea</span> <span class='ocrx_word' id='word_1_63' title='bbox 425 1619 612 1717; x_wconf 91' lang='lat' dir='ltr'>paulatim,</span> <span class='ocrx_word' id='word_1_64' title='bbox 637 1637 785 1716; x_wconf 91' lang='lat' dir='ltr'>prouta</span> <span class='ocrx_word' id='word_1_65' title='bbox 812 1619 971 1714; x_wconf 90' lang='lat' dir='ltr'>Cynthia</span> <span class='ocrx_word' id='word_1_66' title='bbox 992 1620 1179 1703; x_wconf 84' lang='lat' dir='ltr'>recederet,</span> <span class='ocrx_word' id='word_1_67' title='bbox 1203 1622 1312 1691; x_wconf 93' lang='lat' dir='ltr'>etiam</span> <span class='ocrx_word' id='word_1_68' title='bbox 1341 1644 1461 1692; x_wconf 85' lang='lat' dir='ltr'>rerum</span> 
     </span>
     <span class='ocr_line' id='line_1_10' title="bbox 231 1743 1462 1839; baseline 0 -24"><span class='ocrx_word' id='word_1_69' title='bbox 231 1745 366 1815; x_wconf 90' lang='lat' dir='ltr'>amoris</span> <span class='ocrx_word' id='word_1_70' title='bbox 386 1744 564 1815; x_wconf 92' lang='lat' dir='ltr'>terminos</span> <span class='ocrx_word' id='word_1_71' title='bbox 589 1767 666 1815; x_wconf 87' lang='lat' dir='ltr'>esse</span> <span class='ocrx_word' id='word_1_72' title='bbox 686 1760 962 1839; x_wconf 88' lang='lat' dir='ltr'>transgressum,</span> <span class='ocrx_word' id='word_1_73' title='bbox 985 1761 1026 1814; x_wconf 94' lang='lat' dir='ltr'>ut</span> <span class='ocrx_word' id='word_1_74' title='bbox 1052 1759 1087 1814; x_wconf 93' lang='lat' dir='ltr'>et</span> <span class='ocrx_word' id='word_1_75' title='bbox 1107 1745 1243 1827; x_wconf 72' lang='lat' dir='ltr'>amicis</span> <span class='ocrx_word' id='word_1_76' title='bbox 1276 1759 1311 1814; x_wconf 87' lang='lat' dir='ltr'>et</span> <span class='ocrx_word' id='word_1_77' title='bbox 1339 1743 1462 1839; x_wconf 87' lang='lat' dir='ltr'>patriae</span> 
     </span>
     <span class='ocr_line' id='line_1_11' title="bbox 232 1864 1463 1961; baseline -0.001 -24"><span class='ocrx_word' id='word_1_78' title='bbox 232 1865 329 1937; x_wconf 88' lang='lat' dir='ltr'>laudi</span> <span class='ocrx_word' id='word_1_79' title='bbox 354 1867 552 1936; x_wconf 86' lang='lat' dir='ltr'>inserviret.</span> <span class='ocrx_word' id='word_1_80' title='bbox 570 1866 666 1947; x_wconf 81' lang='lat' dir='ltr'>Quae</span> <span class='ocrx_word' id='word_1_81' title='bbox 683 1881 775 1937; x_wconf 89' lang='lat' dir='ltr'>certa</span> <span class='ocrx_word' id='word_1_82' title='bbox 795 1864 927 1936; x_wconf 89' lang='lat' dir='ltr'>indicia</span> <span class='ocrx_word' id='word_1_83' title='bbox 942 1882 976 1936; x_wconf 90' lang='lat' dir='ltr'>et</span> <span class='ocrx_word' id='word_1_84' title='bbox 992 1867 1181 1961; x_wconf 84' lang='lat' dir='ltr'>paucitatis</span> <span class='ocrx_word' id='word_1_85' title='bbox 1204 1867 1463 1937; x_wconf 87' lang='lat' dir='ltr'>amatoriarum</span> 
     </span>
    </p>

    <p class='ocr_par' dir='ltr' id='par_1_3' title="bbox 208 1986 1463 2306">
     <span class='ocr_line' id='line_1_12' title="bbox 208 1986 1463 2084; baseline -0.001 -25"><span class='ocrx_word' id='word_1_86' title='bbox 208 1987 429 2084; x_wconf 84' lang='lat' dir='ltr'>elegiarum</span> <span class='ocrx_word' id='word_1_87' title='bbox 450 1989 486 2057; x_wconf 93' lang='lat' dir='ltr'>in</span> <span class='ocrx_word' id='word_1_88' title='bbox 515 2004 644 2082; x_wconf 90' lang='lat' dir='ltr'>quarto</span> <span class='ocrx_word' id='word_1_89' title='bbox 672 1986 764 2059; x_wconf 92' lang='lat' dir='ltr'>libro</span> <span class='ocrx_word' id='word_1_90' title='bbox 792 1989 970 2058; x_wconf 88' lang='lat' dir='ltr'>rationem</span> <span class='ocrx_word' id='word_1_91' title='bbox 998 1986 1165 2071; x_wconf 89' lang='lat' dir='ltr'>reddunt,</span> <span class='ocrx_word' id='word_1_92' title='bbox 1190 2004 1224 2058; x_wconf 89' lang='lat' dir='ltr'>et</span> <span class='ocrx_word' id='word_1_93' title='bbox 1251 2004 1376 2059; x_wconf 90' lang='lat' dir='ltr'>contra</span> <span class='ocrx_word' id='word_1_94' title='bbox 1399 2012 1463 2059; x_wconf 91' lang='lat' dir='ltr'>eos</span> 
     </span>
     <span class='ocr_line' id='line_1_13' title="bbox 231 2110 1463 2206; baseline -0.002 -23"><span class='ocrx_word' id='word_1_95' title='bbox 231 2112 380 2196; x_wconf 87' lang='lat' dir='ltr'>faciunt,</span> <span class='ocrx_word' id='word_1_96' title='bbox 400 2113 463 2206; x_wconf 92' lang='lat' dir='ltr'>qui</span> <span class='ocrx_word' id='word_1_97' title='bbox 483 2135 523 2182; x_wconf 92' lang='lat' dir='ltr'>ea</span> <span class='ocrx_word' id='word_1_98' title='bbox 542 2110 586 2182; x_wconf 95' lang='lat' dir='ltr'>de</span> <span class='ocrx_word' id='word_1_99' title='bbox 610 2135 716 2182; x_wconf 89' lang='lat' dir='ltr'>causa</span> <span class='ocrx_word' id='word_1_100' title='bbox 745 2110 844 2181; x_wconf 89' lang='lat' dir='ltr'>hunc</span> <span class='ocrx_word' id='word_1_101' title='bbox 863 2127 1064 2181; x_wconf 89' lang='lat' dir='ltr'>extremum</span> <span class='ocrx_word' id='word_1_102' title='bbox 1081 2111 1254 2205; x_wconf 87' lang='lat' dir='ltr'>Propertii</span> <span class='ocrx_word' id='word_1_103' title='bbox 1284 2110 1463 2182; x_wconf 91' lang='lat' dir='ltr'>librorum</span> 
     </span>
     <span class='ocr_line' id='line_1_14' title="bbox 232 2233 798 2306; baseline -0.004 -1"><span class='ocrx_word' id='word_1_104' title='bbox 232 2234 276 2305; x_wconf 90' lang='lat' dir='ltr'>ab</span> <span class='ocrx_word' id='word_1_105' title='bbox 291 2233 355 2305; x_wconf 91' lang='lat' dir='ltr'>illo</span> <span class='ocrx_word' id='word_1_106' title='bbox 371 2233 573 2306; x_wconf 90' lang='lat' dir='ltr'>abiudicare</span> <span class='ocrx_word' id='word_1_107' title='bbox 590 2233 798 2304; x_wconf 90' lang='lat' dir='ltr'>voluerunt.</span> 
     </span>
    </p>
   </div>
   <div class='ocr_carea' id='block_1_3' title="bbox 222 2365 1464 2709">
    <p class='ocr_par' dir='ltr' id='par_1_4' title="bbox 222 2365 1464 2709">
     <span class='ocr_line' id='line_1_15' title="bbox 222 2365 1461 2462; baseline -0.002 -22"><span class='ocrx_word' id='word_1_108' title='bbox 222 2377 224 2381; x_wconf 78' lang='grc'>’</span> <span class='ocrx_word' id='word_1_109' title='bbox 282 2369 467 2450; x_wconf 89' lang='lat' dir='ltr'>Quartum</span> <span class='ocrx_word' id='word_1_110' title='bbox 494 2365 600 2438; x_wconf 92' lang='lat' dir='ltr'>illum</span> <span class='ocrx_word' id='word_1_111' title='bbox 628 2366 763 2438; x_wconf 90' lang='lat' dir='ltr'>librum</span> <span class='ocrx_word' id='word_1_112' title='bbox 791 2371 914 2462; x_wconf 87' lang='lat' dir='ltr'>paucis</span> <span class='ocrx_word' id='word_1_113' title='bbox 941 2366 1078 2438; x_wconf 86' lang='lat' dir='ltr'>absolvi</span> <span class='ocrx_word' id='word_1_114' title='bbox 1112 2366 1243 2440; x_wconf 91' lang='lat' dir='ltr'>licebit.</span> <span class='ocrx_word' id='word_1_115' title='bbox 1281 2367 1461 2440; x_wconf 90' lang='lat' dir='ltr'>Undecim</span> 
     </span>
     <span class='ocr_line' id='line_1_16' title="bbox 233 2488 1464 2586; baseline -0.001 -25"><span class='ocrx_word' id='word_1_116' title='bbox 233 2489 356 2586; x_wconf 86' lang='lat' dir='ltr'>elegiae</span> <span class='ocrx_word' id='word_1_117' title='bbox 389 2491 518 2561; x_wconf 93' lang='lat' dir='ltr'>insunt</span> <span class='ocrx_word' id='word_1_118' title='bbox 544 2490 656 2582; x_wconf 89' lang='lat' dir='ltr'>(nam</span> <span class='ocrx_word' id='word_1_119' title='bbox 677 2489 720 2561; x_wconf 94' lang='lat' dir='ltr'>de</span> <span class='ocrx_word' id='word_1_120' title='bbox 748 2491 863 2584; x_wconf 90' lang='lat' dir='ltr'>prima</span> <span class='ocrx_word' id='word_1_121' title='bbox 894 2491 932 2559; x_wconf 92' lang='lat' dir='ltr'>in</span> <span class='ocrx_word' id='word_1_122' title='bbox 966 2489 1056 2560; x_wconf 92' lang='lat' dir='ltr'>duas</span> <span class='ocrx_word' id='word_1_123' title='bbox 1087 2488 1203 2561; x_wconf 82' lang='lat' dir='ltr'>divisa</span> <span class='ocrx_word' id='word_1_124' title='bbox 1232 2491 1304 2562; x_wconf 89' lang='lat' dir='ltr'>iam</span> <span class='ocrx_word' id='word_1_125' title='bbox 1330 2514 1464 2561; x_wconf 92' lang='lat' dir='ltr'>sumus</span> 
     </span>
     <span class='ocr_line' id='line_1_17' title="bbox 233 2610 1461 2709; baseline 0.001 -26"><span class='ocrx_word' id='word_1_126' title='bbox 233 2611 419 2706; x_wconf 78' lang='lat' dir='ltr'>locuturi).</span> <span class='ocrx_word' id='word_1_127' title='bbox 435 2613 486 2683; x_wconf 84' lang='lat' dir='ltr'>Ex</span> <span class='ocrx_word' id='word_1_128' title='bbox 505 2610 562 2684; x_wconf 90' lang='lat' dir='ltr'>his</span> <span class='ocrx_word' id='word_1_129' title='bbox 590 2635 626 2681; x_wconf 87' lang='lat'>11</span> <span class='ocrx_word' id='word_1_130' title='bbox 655 2611 780 2708; x_wconf 88' lang='lat' dir='ltr'>elegiis</span> <span class='ocrx_word' id='word_1_131' title='bbox 805 2630 875 2683; x_wconf 88' lang='lat' dir='ltr'>tres</span> <span class='ocrx_word' id='word_1_132' title='bbox 903 2628 1059 2695; x_wconf 89' lang='lat' dir='ltr'>tantum,</span> <span class='ocrx_word' id='word_1_133' title='bbox 1075 2614 1147 2682; x_wconf 93' lang='lat' dir='ltr'>iam</span> <span class='ocrx_word' id='word_1_134' title='bbox 1166 2637 1274 2709; x_wconf 92' lang='lat' dir='ltr'>supra</span> <span class='ocrx_word' id='word_1_135' title='bbox 1290 2636 1461 2697; x_wconf 83' lang='lat' dir='ltr'>excussae,</span> 
     </span>
    </p>
   </div>
   <div class='ocr_carea' id='block_1_4' title="bbox 233 2732 983 2829">
    <p class='ocr_par' dir='ltr' id='par_1_5' title="bbox 233 2732 983 2829">
     <span class='ocr_line' id='line_1_18' title="bbox 233 2732 983 2829; baseline -0.001 -23"><span class='ocrx_word' id='word_1_136' title='bbox 233 2734 275 2806; x_wconf 92' lang='lat' dir='ltr'>ad</span> <span class='ocrx_word' id='word_1_137' title='bbox 292 2732 489 2827; x_wconf 91' lang='lat' dir='ltr'>Cynthiam</span> <span class='ocrx_word' id='word_1_138' title='bbox 510 2749 682 2828; x_wconf 84' lang='lat' dir='ltr'>spectant,</span> <span class='ocrx_word' id='word_1_139' title='bbox 704 2757 835 2829; x_wconf 86' lang='lat' dir='ltr'>nempe</span> <span class='ocrx_word' id='word_1_140' title='bbox 854 2752 883 2827; x_wconf 80' lang='lat'>5,</span> <span class='ocrx_word' id='word_1_141' title='bbox 903 2754 932 2825; x_wconf 87' lang='lat'>7,</span> <span class='ocrx_word' id='word_1_142' title='bbox 951 2736 983 2805; x_wconf 87' lang='lat'>8.</span> 
     </span>
    </p>
   </div>
   <div class='ocr_carea' id='block_1_5' title="bbox 176 2865 1466 4552">
    <p class='ocr_par' dir='ltr' id='par_1_6' title="bbox 176 2865 1466 4552">
     <span class='ocr_line' id='line_1_19' title="bbox 280 2865 1466 2962; baseline 0 -26"><span class='ocrx_word' id='word_1_143' title='bbox 280 2868 331 2936; x_wconf 85' lang='lat' dir='ltr'>Ex</span> <span class='ocrx_word' id='word_1_144' title='bbox 359 2883 452 2950; x_wconf 91' lang='lat' dir='ltr'>octo,</span> <span class='ocrx_word' id='word_1_145' title='bbox 484 2890 566 2960; x_wconf 89' lang='lat' dir='ltr'>quae</span> <span class='ocrx_word' id='word_1_146' title='bbox 595 2882 739 2949; x_wconf 86' lang='lat' dir='ltr'>restant,</span> <span class='ocrx_word' id='word_1_147' title='bbox 768 2865 903 2962; x_wconf 88' lang='lat' dir='ltr'>elegiis,</span> <span class='ocrx_word' id='word_1_148' title='bbox 932 2867 1092 2960; x_wconf 94' lang='lat' dir='ltr'>primum</span> <span class='ocrx_word' id='word_1_149' title='bbox 1109 2865 1152 2937; x_wconf 92' lang='lat' dir='ltr'>el.</span> <span class='ocrx_word' id='word_1_150' title='bbox 1179 2889 1193 2957; x_wconf 82' lang='lat'><em>3</em></span> <span class='ocrx_word' id='word_1_151' title='bbox 1216 2882 1251 2937; x_wconf 89' lang='lat' dir='ltr'>et</span> <span class='ocrx_word' id='word_1_152' title='bbox 1283 2889 1320 2938; x_wconf 86' lang='lat'>11</span> <span class='ocrx_word' id='word_1_153' title='bbox 1347 2866 1466 2937; x_wconf 90' lang='lat' dir='ltr'>consi·</span> 
     </span>
     <span class='ocr_line' id='line_1_20' title="bbox 176 2988 1462 3084; baseline -0.002 -23"><span class='ocrx_word' id='word_1_154' title='bbox 176 3037 178 3041; x_wconf 75' lang='lat'>.</span> <span class='ocrx_word' id='word_1_155' title='bbox 218 2989 410 3071; x_wconf 52' lang='lat' dir='ltr'>«deremus,</span> <span class='ocrx_word' id='word_1_156' title='bbox 432 3011 524 3083; x_wconf 86' lang='lat' dir='ltr'>quae,</span> <span class='ocrx_word' id='word_1_157' title='bbox 553 3013 764 3083; x_wconf 89' lang='lat' dir='ltr'>quanquam</span> <span class='ocrx_word' id='word_1_158' title='bbox 785 3005 931 3084; x_wconf 89' lang='lat' dir='ltr'>poetam</span> <span class='ocrx_word' id='word_1_159' title='bbox 958 3005 1142 3059; x_wconf 91' lang='lat' dir='ltr'>amantem</span> <span class='ocrx_word' id='word_1_160' title='bbox 1166 3013 1242 3059; x_wconf 91' lang='lat' dir='ltr'>non</span> <span class='ocrx_word' id='word_1_161' title='bbox 1268 2988 1462 3071; x_wconf 89' lang='lat' dir='ltr'>inducunt,</span> 
     </span>
     <span class='ocr_line' id='line_1_21' title="bbox 233 3104 1465 3204; baseline -0.001 -22"><span class='ocrx_word' id='word_1_162' title='bbox 233 3128 355 3182; x_wconf 92' lang='lat' dir='ltr'>tamen</span> <span class='ocrx_word' id='word_1_163' title='bbox 375 3134 502 3182; x_wconf 94' lang='lat' dir='ltr'>verum</span> <span class='ocrx_word' id='word_1_164' title='bbox 519 3133 680 3180; x_wconf 92' lang='lat' dir='ltr'>amorem</span> <span class='ocrx_word' id='word_1_165' title='bbox 699 3104 844 3204; x_wconf 89' lang='lat' dir='ltr'>spirant,</span> <span class='ocrx_word' id='word_1_166' title='bbox 862 3127 896 3180; x_wconf 90' lang='lat' dir='ltr'>et</span> <span class='ocrx_word' id='word_1_167' title='bbox 914 3134 998 3181; x_wconf 94' lang='lat' dir='ltr'>cum</span> <span class='ocrx_word' id='word_1_168' title='bbox 1015 3108 1208 3180; x_wconf 88' lang='lat' dir='ltr'>nonnullis</span> <span class='ocrx_word' id='word_1_169' title='bbox 1228 3109 1465 3204; x_wconf 87' lang='lat' dir='ltr'>praecedentis</span> 
     </span>
     <span class='ocr_line' id='line_1_22' title="bbox 233 3229 1463 3327; baseline -0.002 -23"><span class='ocrx_word' id='word_1_170' title='bbox 233 3231 313 3304; x_wconf 90' lang='lat' dir='ltr'>libri</span> <span class='ocrx_word' id='word_1_171' title='bbox 331 3230 553 3303; x_wconf 89' lang='lat' dir='ltr'>carminibus</span> <span class='ocrx_word' id='word_1_172' title='bbox 570 3233 767 3326; x_wconf 91' lang='lat' dir='ltr'>comparari</span> <span class='ocrx_word' id='word_1_173' title='bbox 783 3247 950 3326; x_wconf 91' lang='lat' dir='ltr'>possunt.</span> <span class='ocrx_word' id='word_1_174' title='bbox 971 3232 1065 3302; x_wconf 90' lang='lat' dir='ltr'>Nam</span> <span class='ocrx_word' id='word_1_175' title='bbox 1086 3229 1200 3327; x_wconf 89' lang='lat' dir='ltr'>elegia</span> <span class='ocrx_word' id='word_1_176' title='bbox 1218 3255 1230 3320; x_wconf 81' lang='lat'>3</span> <span class='ocrx_word' id='word_1_177' title='bbox 1254 3230 1379 3327; x_wconf 85' lang='lat' dir='ltr'>elegiae</span> <span class='ocrx_word' id='word_1_178' title='bbox 1405 3231 1463 3314; x_wconf 92' lang='grc' dir='ltr'>ΙΠ,</span> 
     </span>
     <span class='ocr_line' id='line_1_23' title="bbox 237 3353 1466 3448; baseline -0.001 -23"><span class='ocrx_word' id='word_1_179' title='bbox 237 3376 278 3425; x_wconf 86' lang='lat'>12</span> <span class='ocrx_word' id='word_1_180' title='bbox 295 3354 426 3425; x_wconf 90' lang='lat' dir='ltr'>similis</span> <span class='ocrx_word' id='word_1_181' title='bbox 442 3370 505 3438; x_wconf 85' lang='lat' dir='ltr'>est,</span> <span class='ocrx_word' id='word_1_182' title='bbox 529 3355 666 3424; x_wconf 93' lang='lat' dir='ltr'>cumin</span> <span class='ocrx_word' id='word_1_183' title='bbox 698 3369 850 3448; x_wconf 91' lang='lat' dir='ltr'>utraque</span> <span class='ocrx_word' id='word_1_184' title='bbox 880 3353 923 3425; x_wconf 92' lang='lat' dir='ltr'>de</span> <span class='ocrx_word' id='word_1_185' title='bbox 950 3377 1061 3424; x_wconf 86' lang='lat' dir='ltr'>uxore</span> <span class='ocrx_word' id='word_1_186' title='bbox 1085 3379 1105 3425; x_wconf 91' lang='lat' dir='ltr'>a</span> <span class='ocrx_word' id='word_1_187' title='bbox 1128 3355 1257 3425; x_wconf 90' lang='lat' dir='ltr'>marito</span> <span class='ocrx_word' id='word_1_188' title='bbox 1284 3353 1466 3448; x_wconf 91' lang='lat' dir='ltr'>stipendia</span> 
     </span>
     <span class='ocr_line' id='line_1_24' title="bbox 235 3475 1463 3572; baseline -0.002 -23"><span class='ocrx_word' id='word_1_189' title='bbox 235 3494 393 3549; x_wconf 86' lang='lat' dir='ltr'>merente</span> <span class='ocrx_word' id='word_1_190' title='bbox 411 3475 580 3556; x_wconf 76' lang='lat' dir='ltr'>derelicta</span> <span class='ocrx_word' id='word_1_191' title='bbox 595 3493 730 3572; x_wconf 85' lang='lat' dir='ltr'>agatur.</span> <span class='ocrx_word' id='word_1_192' title='bbox 747 3478 796 3547; x_wconf 88' lang='lat' dir='ltr'>Ea</span> <span class='ocrx_word' id='word_1_193' title='bbox 811 3492 933 3546; x_wconf 91' lang='lat' dir='ltr'>tamen</span> <span class='ocrx_word' id='word_1_194' title='bbox 952 3476 1155 3548; x_wconf 84' lang='lat' dir='ltr'>differentia</span> <span class='ocrx_word' id='word_1_195' title='bbox 1179 3477 1284 3560; x_wconf 90' lang='lat' dir='ltr'>inest,</span> <span class='ocrx_word' id='word_1_196' title='bbox 1308 3476 1408 3571; x_wconf 91' lang='lat' dir='ltr'>quod</span> <span class='ocrx_word' id='word_1_197' title='bbox 1424 3476 1463 3546; x_wconf 94' lang='lat' dir='ltr'>in</span> 
     </span>
     <span class='ocr_line' id='line_1_25' title="bbox 231 3596 1462 3695; baseline -0.002 -25"><span class='ocrx_word' id='word_1_198' title='bbox 231 3601 291 3687; x_wconf 80' lang='grc' dir='ltr'>ΙΙΙ,</span> <span class='ocrx_word' id='word_1_199' title='bbox 314 3623 355 3672; x_wconf 88' lang='lat'>12</span> <span class='ocrx_word' id='word_1_200' title='bbox 370 3616 477 3695; x_wconf 91' lang='lat' dir='ltr'>poeta</span> <span class='ocrx_word' id='word_1_201' title='bbox 492 3600 663 3670; x_wconf 91' lang='lat' dir='ltr'>maritum</span> <span class='ocrx_word' id='word_1_202' title='bbox 680 3597 889 3694; x_wconf 92' lang='lat' dir='ltr'>alloquitur,</span> <span class='ocrx_word' id='word_1_203' title='bbox 905 3599 942 3669; x_wconf 96' lang='lat' dir='ltr'>in</span> <span class='ocrx_word' id='word_1_204' title='bbox 958 3600 1017 3681; x_wconf 89' lang='lat' dir='ltr'>IV,</span> <span class='ocrx_word' id='word_1_205' title='bbox 1039 3620 1051 3682; x_wconf 86' lang='lat'><em>3</em></span> <span class='ocrx_word' id='word_1_206' title='bbox 1073 3623 1224 3670; x_wconf 87' lang='lat' dir='ltr'>uxorem</span> <span class='ocrx_word' id='word_1_207' title='bbox 1248 3596 1462 3693; x_wconf 89' lang='lat' dir='ltr'>loquentem</span> 
     </span>
     <span class='ocr_line' id='line_1_26' title="bbox 232 3719 1464 3816; baseline -0.004 -22"><span class='ocrx_word' id='word_1_208' title='bbox 232 3722 397 3794; x_wconf 90' lang='lat' dir='ltr'>simulat.</span> <span class='ocrx_word' id='word_1_209' title='bbox 433 3722 603 3793; x_wconf 87' lang='lat' dir='ltr'>Ceterum</span> <span class='ocrx_word' id='word_1_210' title='bbox 634 3745 676 3791; x_wconf 84' lang='lat' dir='ltr'>ex</span> <span class='ocrx_word' id='word_1_211' title='bbox 702 3737 1004 3816; x_wconf 86' lang='lat' dir='ltr'>argumentorum</span> <span class='ocrx_word' id='word_1_212' title='bbox 1032 3720 1275 3792; x_wconf 87' lang='lat' dir='ltr'>similitudine</span> <span class='ocrx_word' id='word_1_213' title='bbox 1313 3719 1464 3814; x_wconf 90' lang='lat' dir='ltr'>quidam</span> 
     </span>
     <span class='ocr_line' id='line_1_27' title="bbox 232 3834 1465 3941; baseline -0.004 -24"><span class='ocrx_word' id='word_1_214' title='bbox 232 3844 457 3941; x_wconf 89' lang='lat' dir='ltr'>collegerunt</span> <span class='ocrx_word' id='word_1_215' title='bbox 477 3843 619 3915; x_wconf 90' lang='lat' dir='ltr'>easdem</span> <span class='ocrx_word' id='word_1_216' title='bbox 650 3867 822 3937; x_wconf 89' lang='lat' dir='ltr'>personas</span> <span class='ocrx_word' id='word_1_217' title='bbox 850 3842 1039 3938; x_wconf 88' lang='lat' dir='ltr'>designari,</span> <span class='ocrx_word' id='word_1_218' title='bbox 1063 3842 1162 3938; x_wconf 90' lang='lat' dir='ltr'>quod</span> <span class='ocrx_word' id='word_1_219' title='bbox 1191 3834 1465 3913; x_wconf 76' lang='lat' dir='ltr'>luetiohannes</span> 
     </span>
     <span class='ocr_line' id='line_1_28' title="bbox 231 3962 1464 4063; baseline -0.005 -24"><span class='ocrx_word' id='word_1_220' title='bbox 231 3970 283 4063; x_wconf 89' lang='lat' dir='ltr'>(p.</span> <span class='ocrx_word' id='word_1_221' title='bbox 305 3969 367 4061; x_wconf 79' lang='lat'>56)</span> <span class='ocrx_word' id='word_1_222' title='bbox 387 3990 506 4061; x_wconf 91' lang='lat' dir='ltr'>neque</span> <span class='ocrx_word' id='word_1_223' title='bbox 531 3966 648 4036; x_wconf 85' lang='lat' dir='ltr'>evinci</span> <span class='ocrx_word' id='word_1_224' title='bbox 674 3989 792 4060; x_wconf 93' lang='lat' dir='ltr'>neque</span> <span class='ocrx_word' id='word_1_225' title='bbox 813 3965 962 4060; x_wconf 82' lang='lat' dir='ltr'>infringi</span> <span class='ocrx_word' id='word_1_226' title='bbox 988 3989 1095 4060; x_wconf 92' lang='lat' dir='ltr'>posse</span> <span class='ocrx_word' id='word_1_227' title='bbox 1119 3962 1283 4035; x_wconf 91' lang='lat' dir='ltr'>declarat.</span> <span class='ocrx_word' id='word_1_228' title='bbox 1313 3963 1464 4034; x_wconf 91' lang='lat' dir='ltr'>Certum</span> 
     </span>
     <span class='ocr_line' id='line_1_29' title="bbox 233 4088 1462 4182; baseline -0.005 -20"><span class='ocrx_word' id='word_1_229' title='bbox 233 4108 286 4162; x_wconf 87' lang='lat' dir='ltr'>est</span> <span class='ocrx_word' id='word_1_230' title='bbox 300 4108 421 4162; x_wconf 92' lang='lat' dir='ltr'>tamen</span> <span class='ocrx_word' id='word_1_231' title='bbox 436 4112 535 4158; x_wconf 83' lang='lat' dir='ltr'>veras</span> <span class='ocrx_word' id='word_1_232' title='bbox 551 4103 586 4158; x_wconf 93' lang='lat' dir='ltr'>et</span> <span class='ocrx_word' id='word_1_233' title='bbox 600 4089 700 4158; x_wconf 85' lang='lat' dir='ltr'>vivas</span> <span class='ocrx_word' id='word_1_234' title='bbox 720 4111 892 4181; x_wconf 84' lang='lat' dir='ltr'>personas</span> <span class='ocrx_word' id='word_1_235' title='bbox 920 4088 1124 4182; x_wconf 85' lang='lat' dir='ltr'>significari,</span> <span class='ocrx_word' id='word_1_236' title='bbox 1149 4111 1191 4158; x_wconf 84' lang='lat' dir='ltr'>ex</span> <span class='ocrx_word' id='word_1_237' title='bbox 1215 4110 1290 4180; x_wconf 94' lang='lat' dir='ltr'>quo</span> <span class='ocrx_word' id='word_1_238' title='bbox 1306 4102 1462 4182; x_wconf 88' lang='lat' dir='ltr'>apparet,</span> 
     </span>
     <span class='ocr_line' id='line_1_30' title="bbox 231 4207 1465 4307; baseline -0.003 -24"><span class='ocrx_word' id='word_1_239' title='bbox 231 4211 331 4307; x_wconf 94' lang='lat' dir='ltr'>quod</span> <span class='ocrx_word' id='word_1_240' title='bbox 358 4209 631 4281; x_wconf 87' lang='lat' dir='ltr'>Luetiohannes</span> <span class='ocrx_word' id='word_1_241' title='bbox 656 4208 758 4292; x_wconf 88' lang='lat' dir='ltr'>vidit,</span> <span class='ocrx_word' id='word_1_242' title='bbox 789 4233 852 4280; x_wconf 91' lang='lat' dir='ltr'>eos</span> <span class='ocrx_word' id='word_1_243' title='bbox 880 4208 1032 4303; x_wconf 92' lang='lat' dir='ltr'>paulum</span> <span class='ocrx_word' id='word_1_244' title='bbox 1050 4234 1069 4279; x_wconf 91' lang='lat' dir='ltr'>a</span> <span class='ocrx_word' id='word_1_245' title='bbox 1090 4232 1176 4279; x_wconf 82' lang='lat' dir='ltr'>vero</span> <span class='ocrx_word' id='word_1_246' title='bbox 1200 4207 1369 4292; x_wconf 88' lang='lat' dir='ltr'>aberrare,</span> <span class='ocrx_word' id='word_1_247' title='bbox 1400 4209 1465 4303; x_wconf 95' lang='lat' dir='ltr'>qui</span> 
     </span>
     <span class='ocr_line' id='line_1_31' title="bbox 232 4329 1463 4430; baseline -0.005 -23"><span class='ocrx_word' id='word_1_248' title='bbox 232 4360 310 4407; x_wconf 91' lang='lat' dir='ltr'>eam</span> <span class='ocrx_word' id='word_1_249' title='bbox 340 4333 492 4430; x_wconf 88' lang='lat' dir='ltr'>elegiam</span> <span class='ocrx_word' id='word_1_250' title='bbox 521 4335 682 4428; x_wconf 92' lang='lat' dir='ltr'>primum</span> <span class='ocrx_word' id='word_1_251' title='bbox 709 4330 918 4427; x_wconf 81' lang='lat' dir='ltr'>exemplum</span> <span class='ocrx_word' id='word_1_252' title='bbox 948 4356 1024 4403; x_wconf 91' lang='lat' dir='ltr'>esse</span> <span class='ocrx_word' id='word_1_253' title='bbox 1053 4331 1185 4402; x_wconf 92' lang='lat' dir='ltr'>volunt</span> <span class='ocrx_word' id='word_1_254' title='bbox 1211 4329 1463 4426; x_wconf 89' lang='lat' dir='ltr'>epistularum,</span> 
     </span>
     <span class='ocr_line' id='line_1_32' title="bbox 233 4452 1462 4552; baseline -0.004 -24"><span class='ocrx_word' id='word_1_255' title='bbox 233 4480 323 4552; x_wconf 92' lang='lat' dir='ltr'>quas</span> <span class='ocrx_word' id='word_1_256' title='bbox 352 4455 511 4527; x_wconf 83' lang='lat' dir='ltr'>Ovidius</span> <span class='ocrx_word' id='word_1_257' title='bbox 525 4453 569 4526; x_wconf 91' lang='lat' dir='ltr'>ab</span> <span class='ocrx_word' id='word_1_258' title='bbox 585 4454 747 4525; x_wconf 91' lang='lat' dir='ltr'>heroinis</span> <span class='ocrx_word' id='word_1_259' title='bbox 764 4455 911 4549; x_wconf 90' lang='lat' dir='ltr'>scriptas</span> <span class='ocrx_word' id='word_1_260' title='bbox 928 4452 1125 4525; x_wconf 85' lang='lat' dir='ltr'>simulavit.</span> <span class='ocrx_word' id='word_1_261' title='bbox 1144 4454 1218 4524; x_wconf 87' lang='lat' dir='ltr'>Iam</span> <span class='ocrx_word' id='word_1_262' title='bbox 1235 4452 1388 4548; x_wconf 88' lang='lat' dir='ltr'>elegiam</span> <span class='ocrx_word' id='word_1_263' title='bbox 1407 4473 1462 4536; x_wconf 90' lang='lat'>11,</span> 
     </span>
    </p>
   </div>
   <div class='ocr_carea' id='block_1_6' title="bbox 0 0 1710 5468">
    <p class='ocr_par' dir='ltr' id='par_1_7' title="bbox 0 0 1710 5468">
     <span class='ocr_line' id='line_1_33' title="bbox 0 0 1710 5468; baseline 0 0"><span class='ocrx_word' id='word_1_264' title='bbox 0 0 1710 5468; x_wconf 95' lang='lat' dir='ltr'> </span> 
     </span>
    </p>
   </div>
  </div>
 </body>
</html>
