3398 5468
694 534 888 606 -71...

173 704 371 776 imitationi
387 703 630 776 incubuerint.
646 706 740 776 Nam
767 719 801 777 et
822 701 1009 775 Catullum
1032 718 1067 774 et
1082 701 1273 787 Ovidium,
1296 718 1336 773 ut
1360 699 1404 772 de

174 827 379 900 minoribus
399 821 730 910 taceam,'multum
741 825 813 898 illis
827 826 995 899 debuisse
1010 849 1121 897 nemo
1135 841 1189 897 est
1204 826 1266 921 qui
1286 840 1403 922 neget,
1497 825 1501 833 '

173 948 222 1019 ita
242 965 282 1020 ut
297 947 340 1020 ab
361 949 405 1020 iis
424 973 507 1021 cum
531 950 734 1021 carminum
756 973 908 1021 suorum
929 965 1157 1044 argumenta,
1177 965 1258 1020 tum
1280 947 1406 1019 elocu-
1446 932 1448 936 ¹

174 1062 287 1142 tionis
300 1070 407 1143 flores
427 1087 462 1143 et
478 1072 592 1167 ipsam
614 1072 720 1143 metri
746 1070 901 1143 formam
932 1086 1196 1143 mutuarentur.
1230 1072 1326 1144 Nota
1352 1086 1405 1142 est

174 1192 237 1267 illa
255 1195 382 1289 opinio
397 1194 585 1267 Romanos
619 1188 739 1265 adhuc
769 1191 892 1289 aliquo
924 1193 1037 1267 modo
1062 1193 1168 1265 rudes
1195 1209 1230 1265 et
1262 1194 1405 1290 magnis

176 1316 332 1411 ingeniis
355 1299 602 1412 'exprimendis
641 1316 795 1411 impares
826 1339 887 1411 per
914 1314 1131 1387 humiliores
1152 1315 1405 1388 Alexandrinae
1477 1297 1481 1308 ¹

175 1437 309 1511 scholae
320 1455 454 1535 poetas,
472 1436 573 1509 velut
588 1461 649 1532 per
661 1437 792 1534 gradus
810 1436 1002 1532 quosdam,
1019 1436 1062 1509 ad
1078 1437 1242 1532 praeclara
1257 1437 1406 1510 Graeciae

177 1561 327 1632 nomina
372 1561 570 1632 accessisse.
619 1559 854 1631 Credendum
887 1559 998 1656 igitur
1035 1558 1103 1632 hos
1140 1559 1407 1636 Alexandrinos

176 1699 299 1779 poetas
315 1707 470 1779 persaepe
484 1681 519 1754 id
534 1683 709 1777 temporis
728 1682 905 1756 Romanis
925 1681 1095 1767 manibus
1109 1682 1221 1755 fuisse
1235 1684 1349 1767 tritos,
1367 1700 1407 1756 ut

176 1830 251 1876 non
269 1804 381 1877 modo
400 1807 437 1876 in
454 1803 737 1901 elegantioribus
758 1803 899 1876 circulis
917 1803 1087 1878 laudibus
1107 1806 1327 1891 efferrentur,
1340 1805 1406 1880 ,sed

176 1928 283 1999 etiam
318 1929 355 1998 in
389 1925 525 1999 scholis
551 1926 815 2022 discipulorum
851 1926 1082 2000 admirationi
1108 1944 1406 2023 proponerentur,

177 2049 274 2123 unde
304 2050 443 2125 effluxit
471 2040 532 2121 illa
562 2048 667 2121 docta
695 2048 895 2146 Augusteae
924 2050 1040 2122 aetatis
1067 2066 1256 2145 poetarum
1279 2052 1409 2125 Roma·

179 2197 311 2246 norum
341 2171 481 2256 cohors,
511 2196 591 2267 quae
622 2173 816 2268 profanum
847 2172 981 2269 vulg‘us
1005 2171 1137 2257 oderat,
1164 2175 1298 2270 quippe
1327 2197 1408 2269 quae

178 2320 252 2367 non
280 2295 408 2367 usitata
440 2293 604 2366 doctrina
629 2310 723 2367 esset
744 2295 928 2367 instructa.
954 2294 1207 2376 Quaerendum
1231 2295 1322 2399 'quid
1351 2294 1408 2367 his
1493 2344 1494 2347 =

176 2416 430 2490 Alexandrinis
455 2417 635 2514 magistris
655 2432 777 2490 noster
800 2416 973 2489 debuerit.

224 2554 327 2625 Hanc
358 2552 602 2648 quaestionem
634 2551 865 2623 intuentibus
893 2552 1101 2647 Propertius
1129 2576 1171 2624 ex
1205 2553 1248 2623 iis
1275 2552 1406 2647 triplici

177 2674 298 2764 modow
308 2698 357 2747 aes
377 2672 539 2746 alienum
554 2675 754 2770 suscepisse
769 2673 920 2745 videtur.
1263 2684 1267 2692 '

224 2809 299 2880 Iam
312 2809 473 2903 primum
488 2833 566 2880 eam
579 2808 705 2904 ipsam,
719 2807 761 2881 de
777 2832 848 2904 qua
858 2807 964 2880 verba
977 2808 1141 2896 fecimus,
1155 2806 1407 2904 exemplorum

176 2945 211 3002 et
236 2947 538 3027 argumentorum
566 2928 904 3025 mythologicorum
939 2931 1146 3026 congeriem
1174 2929 1287 3026 longo
1323 2954 1407 3001 cum

175 3051 429 3125 Alexandrinis
448 3054 668 3126 commercio
697 3051 832 3126 debuit.
851 3050 908 3123 llli
938 3053 1038 3125 enim
1062 3051 1275 3146 mythorum
1298 3054 1410 3159 spien-

175 3176 233 3247 tiae
254 3192 354 3247 erant
371 3176 495 3263 dediti,
515 3192 549 3248 et
565 3175 659 3271 apud
681 3200 743 3248 eos
762 3179 998 3272 permagnam
1019 3191 1183 3248 veterum
1203 3174 1408 3249 fabularum

176 3297 344 3370 notitiam
374 3300 523 3396 reperire
557 3314 626 3383 est,
663 3314 704 3370 ut
733 3292 819 3369 ¹non
860 3322 937 3370 raro
968 3298 1152 3372 'obscuras
1189 3323 1408 3396 magnorum

176 3423 392 3518 scriptorum
425 3439 540 3519 partes
572 3447 647 3493 non
680 3423 748 3495 nisi
777 3420 1110 3494 Alexandrinorum
1140 3421 1304 3494 doctrina
1329 3423 1409 3494 freti

177 3543 364 3640 explanare
388 3544 583 3617 valeamus.
623 3545 711 3616 Inde
742 3546 863 3617 evenit
895 3560 935 3617 ut
965 3546 1000 3629 ii,
1036 3546 1099 3641 qui
1127 3544 1340 3618 Callimachi
1376 3562 1410 3618 et

178 3683 378 3740 ceterorum
395 3667 543 3740 lectioni
564 3667 816 3761 incubuerant,
844 3668 881 3739 in
898 3684 1000 3739 vasto
1028 3684 1062 3740 et
1086 3684 1208 3764 aperto
1231 3668 1411 3765 exemplo

178 3813 259 3862 rum
288 3814 417 3887 campo
435 3807 671 3876 versarentur,
698 3806 739 3862 ut
754 3791 797 3862 iis
817 3788 860 3861 ad
878 3814 1178 3887 unamquamque
1193 3815 1267 3863 rem
1285 3816 1411 3864 nume·

179 3935 258 3984 rosa
289 3912 422 3984 similia
447 3914 626 3984 memoria
655 3911 980 4008 suppeditarentur.
1025 3914 1121 3993 Quis
1154 3939 1240 4011 ergo
1261 3915 1411 3987 miretur

114 4064 117 4069 ’
179 4035 292 4105 varias
322 4036 520 4107 sententias
551 4059 626 4106 non
665 4035 703 4104 in
738 4049 900 4106 mentem
931 4036 1296 4132 Propertiivenisse
1339 4037 1409 4108 nisi

181 4181 312 4253 magna
332 4157 589 4254 exemplorum,
612 4172 750 4230 caterva
772 4159 995 4229 comitante?
1017 4159 1184 4230 Amicam
1206 4183 1308 4231 suam
1325 4158 1411 4230 flen-

180 4295 254 4351 tem
283 4279 403 4366 videt3
432 4280 606 4353 subito‘ei
632 4279 785 4352 abducta
820 4281 960 4365 Briseis,
993 4282 1131 4377 captiva
1154 4281 1410 4355 Andromacha

182 4419 386 4489 occurrunt,
409 4419 443 4474 et
463 4404 512 4474 sic
529 4402 650 4476 scribit
669 4403 728 4496 (ll,
751 4424 808 4488 ao,
824 4404 918 4497 r-2):
