3398 5468
739 551 961 618 ,103-

233 734 268 788 et
296 715 386 788 exile
414 714 599 810 quoddam
635 717 834 788 reducatur.
864 715 912 785 At
941 714 1196 786 Alexandrinis
1226 730 1279 786 est
1308 714 1460 799 abusus3

234 839 358 910 confer
380 837 587 922 Tibullum,
614 840 676 935 qui
710 837 953 910 eruditionem
977 839 1113 924 vitavit,
1136 835 1335 922 Catullum,
1368 835 1462 934 apud
1487 896 1489 900 ,

233 985 343 1057 quem
377 961 479 1056 plura
518 962 675 1040 carmina
714 961 889 1045 invenias,
934 984 1015 1055 quae
1059 956 1204 1032 nullum
1246 961 1463 1031 imitationis

231 1086 428 1181 vestigium
458 1083 658 1179 praebeant;
697 1084 820 1155 confer
851 1082 1042 1168 Ovidium,
1064 1084 1125 1177 qui
1163 1084 1199 1153 in
1237 1083 1411 1178 exemplis
1445 1107 1463 1154 e

234 1206 461 1302 mythologia
482 1206 600 1277 ductis
625 1223 800 1302 tanquam
828 1207 866 1276 in
895 1230 962 1277 suo
989 1221 1149 1277 versatur
1180 1221 1214 1276 et
1241 1204 1461 1276 dominatur.

232 1331 357 1400 Fateor
378 1329 547 1424 equidem
569 1328 643 1400 duo
670 1329 912 1424 Propertianae
939 1352 1091 1424 poeseos
1119 1327 1308 1412 elementa,
1333 1353 1463 1424 nempe

232 1475 337 1522 veros
364 1462 493 1522 sensus
521 1467 555 1522 et
581 1450 826 1523 Alexandrina
850 1448 1074 1547 exemplaria,
1110 1475 1186 1522 non
1220 1474 1361 1546 semper
1379 1451 1463 1522 satis

234 1572 324 1645 bene
351 1572 568 1657 coalescere;
596 1590 637 1644 ut
665 1598 937 1669 nonnunquam
966 1596 1031 1644 sua
1057 1571 1219 1669 exempla
1243 1571 1350 1644 cruda
1377 1597 1465 1668 quo·

233 1694 432 1766 dammodo
462 1719 580 1791 neque
615 1711 714 1766 cocta
747 1695 869 1766 afferre
903 1695 1075 1766 videatur.
1111 1692 1206 1765 Illud
1242 1710 1295 1765 est
1324 1695 1463 1790 ingenii

233 1818 376 1899 vitium,
408 1843 483 1889 non
518 1818 682 1913 pectoris.
716 1817 811 1889 Cum
844 1818 1059 1889 memoriam
1094 1816 1335 1910 mythicarum
1366 1816 1465 1889 fabu-

233 1939 350 2010 larum
382 1938 539 2034 plenam,
568 1956 608 2011 ut
640 1939 845 2024 exundaret,
882 1938 1038 2024 haberet,
1081 1939 1168 2034 quid
1216 1939 1296 2009 miri
1337 1939 1377 2020 si,
1425 1940 1463 2009 in

221 2060 357 2147 ,eadem
375 2061 591 2133 condicione
612 2086 651 2133 ac
672 2079 769 2134 notae
786 2061 1000 2155 mythorum
1017 2085 1181 2156 personae
1193 2062 1346 2156 positus
1359 2085 1463 2133 suam

233 2201 369 2255 sortem
385 2208 469 2255 cum
486 2207 612 2255 eorum
629 2202 724 2256 sorte
741 2184 941 2256 conferret?
960 2185 1040 2256 Hoc
1061 2183 1214 2255 naturali
1235 2183 1347 2254 modo
1363 2185 1400 2254 in
1420 2208 1463 2255 eo

233 2305 350 2389 fiebat,
391 2330 509 2401 neque
546 2304 683 2402 aliquid
728 2324 855 2378 contra
900 2309 1033 2379 amoris
1078 2308 1263 2378 veritatem
1319 2307 1463 2404 probat.

232 2420 416 2512 Praeterea,
448 2445 487 2500 ut
515 2428 558 2500 ad
584 2432 803 2501 sententiam
845 2454 951 2524 supra
991 2454 1194 2526 expressam
1233 2447 1462 2512 revertamur,

236 2548 373 2622 nullam
407 2535 548 2623 causam
585 2551 763 2624 habemus
791 2576 853 2624 cur
883 2553 919 2622 in
953 2550 1051 2623 illam
1085 2553 1356 2648 Propertianam
1390 2577 1465 2624 eru·

234 2673 412 2744 ditionem
449 2690 591 2745 tantum
624 2674 851 2746 invehamur.
886 2677 980 2746 Nam
1012 2676 1185 2770 quamvis
1220 2675 1463 2747 concedamus

235 2810 318 2867 eum
335 2820 428 2891 saepe
448 2795 509 2867 illa
528 2795 640 2880 abuti,
660 2814 798 2869 certum
820 2812 873 2868 est
893 2821 934 2868 ex
954 2795 1016 2867 illa
1048 2798 1123 2891 ipsa
1151 2798 1358 2869 eruditione
1387 2777 1481 2869 non

234 2943 310 2991 raro
326 2920 405 2990 eius
420 2921 579 2991 carmina
593 2945 733 2991 novum
752 2921 909 2991 nitorem
925 2921 1092 3014 accipere,
1110 2921 1158 2991 ita
1174 2936 1214 2992 ut
1230 2922 1308 2992 eius
1322 2946 1463 3006 sensus

235 3065 328 3134 quos
355 3041 463 3136 paulo
488 3041 784 3121 ‚vehementiores
799 3042 912 3113 fuisse
928 3041 1099 3125 diximus
1118 3043 1261 3138 magnis
1288 3044 1464 3140 exemplis

234 3162 400 3236 illustrati
422 3167 458 3235 in
479 3164 731 3236 sublimiorem
754 3181 788 3237 et
807 3164 932 3260 aliquo
954 3165 1066 3236 modo
1091 3167 1311 3237 sereniorem
1339 3164 1463 3238 locum

235 3285 464 3357 extollantur.

283 3436 452 3508 Ceterum
475 3436 573 3507 hunc
600 3437 722 3532 magni
750 3452 785 3507 et
813 3437 917 3508 erecti
949 3459 1100 3507 sensum
1129 3437 1336 3532 Propertius
1361 3439 1397 3508 in
1427 3463 1464 3510 se

234 3559 313 3654 ipso
344 3558 550 3654 reperiebat.
581 3560 751 3631 Diximus
782 3575 949 3631 nostrum
977 3583 1038 3654 per
1065 3556 1185 3653 plures
1213 3543 1331 3632 annos
1358 3563 1464 3633 unice

234 3708 308 3755 suae
338 3683 465 3778 puellae
495 3684 609 3755 amori
636 3684 851 3769 inserviisse,
877 3699 911 3755 et
932 3681 1049 3754 illum'
1067 3684 1178 3754 unius
1200 3684 1346 3756 feminae
1368 3709 1466 3756 amo·

235 3829 309 3876 rern
338 3807 386 3877 ita
412 3807 448 3876 in
479 3807 557 3877 eius
584 3807 708 3876 animo
737 3807 953 3902 regnavisse,
984 3822 1024 3877 ut
1057 3804 1148 3877 alios
1179 3831 1319 3890 sensus
1349 3832 1401 3879 ex.
1429 3833 1461 3904 g.

235 3929 443 4011 amicitiam,
473 3952 604 4024 magna
635 3954 675 3999 ex
705 3945 802 4023 parte
824 3944 1066 4025 praegravaret.
1090 3930 1174 4000 Non
1196 3947 1317 4001 tamen
1347 3931 1376 4001 is
1393 3947 1464 4002 erat

235 4068 340 4144 poeta
356 4051 418 4144 qui
433 4049 510 4121 sola
523 4067 736 4146 argumenta
751 4052 924 4122 amatoria
940 4075 1064 4122 canere
1080 4051 1223 4137 valeret,
1241 4053 1345 4123 cuius
1361 4053 1465 4124 Musa

235 4172 277 4243 ad
297 4173 365 4244 alia
382 4175 515 4244 maiora
536 4160 746 4245 celebranda
766 4175 803 4244 in
817 4190 1034 4269 perpetuum
1062 4173 1338 4246 obmutesceret.
1360 4175 1464 4247 Certe
1510 4174 1514 4180 ’

235 4297 272 4365 in
290 4297 408 4390 primo
425 4312 459 4367 et
478 4296 640 4367 secundo
657 4295 749 4367 libro
765 4298 835 4369 fere
850 4297 893 4369 de
910 4297 986 4368 sola
1002 4296 1161 4400 Cynthia
1176 4300 1310 4394 agitur3
1341 4315 1462 4369 tamen

235 4418 306 4488 iam
332 4442 350 4489 e
379 4417 540 4489 secundo
570 4417 662 4490 libro
691 4417 807 4491 elucet
835 4435 1004 4490 nostrum
1035 4419 1077 4491 ad
1102 4444 1156 4492 res
1182 4419 1289 4491 elatas
1314 4444 1463 4492 sensum
