3398 5468
779 1479 839 1490 -υ-

503 1821 602 1930 oe
656 1825 1133 1931 inventione·
1208 1859 1227 1972 1
1345 1987 1348 1992 Ι

246 2198 341 2270 Cum
368 2196 412 2269 de
439 2198 663 2293 argumentis
690 2196 897 2281 dixerimus,
927 2209 962 2267 et
987 2194 1263 2290 exposuerimus
1290 2195 1425 2290 quibus

196 2322 233 2392 in
253 2320 360 2393 rebus
381 2320 536 2416 singulte
556 2318 680 2416 elegiae
699 2335 898 2404 versentur,
914 2333 1022 2390 restat
1043 2332 1083 2390 ut
1098 2321 1220 2390 earum
1237 2320 1424 2391 materiam

109 2429 113 2438 ¹
195 2445 492 2539 introspiciamus
515 2458 550 2515 et
572 2444 771 2516 sententias
792 2467 833 2514 ex
853 2440 988 2538 quibus
1008 2455 1178 2513 constent
1196 2440 1306 2536 paulo
1327 2466 1426 2516 accu-

196 2568 305 2639 ratius
336 2590 619 2663 persequamur3
654 2582 740 2638 ute
768 2562 892 2638 nostra
920 2565 1233 2637 commentatione
1260 2581 1426 2661 appareat

196 2688 283 2785 quid
299 2688 379 2774 sibi,
401 2688 488 2784 quid
510 2687 589 2760 aliis
608 2687 735 2761 debeat
754 2703 859 2784 poeta
874 2714 882 2774 3
900 2686 988 2783 quid
1009 2710 1051 2758 ex
1069 2687 1182 2758 animi
1204 2688 1260 2758 sui
1281 2686 1426 2760 latebris

197 2811 475 2909 deprompserit,
497 2812 585 2908 quid
613 2811 657 2893 ab
683 2812 839 2884 extemis
865 2808 1131 2907 exemplaribus
1155 2812 1202 2883 sit
1222 2828 1425 2890 mutuatus,

166 2968 168 2971 ·
197 2936 318 3031 Atque
333 2935 441 3009 nobis
456 2934 549 3006 hanc
566 2936 810 3031 quaestionem
826 2935 1027 3006 tractaturis
1043 2934 1166 3006 visum
1181 2949 1236 3006 est
1249 2933 1293 3007 de
1308 2936 1426 3031 priore

196 3073 293 3154 parte
321 3058 476 3141 brevius
505 3074 634 3154 utpote
659 3081 740 3159 quae
765 3055 1063 3129 antecedentibus
1093 3056 1271 3153 capitibus
1301 3057 1425 3154 aliquo

198 3180 310 3252 modo
336 3179 491 3252 delibata
520 3182 577 3265 sit,
605 3179 648 3253 de
676 3178 783 3252 altera
809 3203 894 3251 vero
921 3178 1007 3251 aleae
1033 3178 1207 3274 pleniore,
1233 3205 1318 3253 cum
1349 3204 1424 3254 non

196 3301 275 3375 raro
292 3304 414 3375 fontes
434 3302 660 3387 delitescant,
681 3301 791 3398 paulo
812 3301 960 3375 uberius
980 3300 1105 3373 dicere.

245 3426 341 3497 Ante
365 3427 491 3497 omnia
520 3449 561 3496 ex
590 3424 777 3509 omnibuS,
803 3448 884 3519 quae
912 3448 1019 3520 supra
1043 3423 1136 3496 dicta
1156 3441 1254 3511 sunt,
1283 3443 1426 3522 apparet

197 3573 323 3622 verum
350 3549 461 3621 fuisse
495 3564 611 3645 poetae
653 3572 826 3631 amorem,
855 3546 1053 3640 Cynthiam
1082 3563 1214 3620 certam
1241 3548 1425 3644 quandam

197 3673 310 3744 fuisse
349 3673 539 3757 feminam,
590 3696 701 3768 quam
757 3671 964 3766 Propertius
1008 3670 1191 3766 deperdite
1243 3674 1425 3756 amaverit,

199 3819 317 3891 neque
347 3793 454 3866 illum
483 3795 576 3867 fictae
601 3793 731 3889 puellae
759 3818 891 3879 amore,
921 3792 1125 3866 multorum
1152 3818 1270 3880 more,
1298 3794 1425 3891 frigide

198 3916 415 4014 flagravisse,
450 3932 491 3987 ut
527 3917 562 3986 in
609 3916 703 3987 fictis
737 3915 844 3988 rebus
887 3917 1027 4011 poetice
1054 3914 1240 3988 lasciviret.
1286 3915 1425 3988 Totum

197 4062 291 4134 opus
317 4060 446 4110 verum
476 4038 642 4110 animum
682 4035 819 4109 redolet
852 4053 887 4108 et
920 4061 1024 4109 veros
1064 4061 1193 4111 sensus
1229 4038 1266 4107 in
1306 4036 1425 4109 lucem

197 4161 340 4257 profert.
367 4161 470 4235 Hanc
498 4176 594 4232 certo
628 4162 815 4233 certiorem
846 4161 1074 4256 opinionem,
1106 4161 1185 4231 sine
1216 4183 1286 4255 qua
1324 4184 1426 4255 supe·

198 4285 290 4355 riora
316 4284 429 4378 capita
451 4281 590 4355 nullius
620 4285 724 4379 pretii
749 4299 891 4368 essent,
917 4307 992 4354 non
1019 4281 1089 4354 hoc
1119 4281 1201 4354 loco
1236 4298 1427 4356 recantare-

200 4429 293 4489 muS,
335 4407 404 4476 nisi
440 4407 503 4500 qui
544 4405 710 4491 fuissent,
758 4430 809 4477 ex.
847 4430 879 4500 g.
923 4405 1086 4478 Faltinus
1118 4406 1255 4502 (progr.
1298 4430 1424 4502 gymn.
