3398 5468
675 564 881 654 ·-87—-

170 764 288 844 potest
319 749 519 843 Propertio,
547 751 583 819 in
614 747 807 821 nonnullis
828 748 955 821 saltem
972 748 1121 822 secundi
1155 747 1236 820 libri
1259 748 1395 844 elegiis,

170 865 451 966 compositionis
466 887 579 941 artem
595 895 670 941 non
686 870 844 942 defuisse
860 897 868 956 ;
883 870 997 943 modo
1012 887 1134 942 tamen
1163 871 1398 966 compositio·

170 993 226 1063 nis
247 991 412 1064 liberiore
433 991 540 1064 illurn
556 993 668 1064 fuisse
685 1016 806 1078 usum,
824 1009 865 1064 ut
888 1017 963 1078 non
982 1008 1086 1064 antea
1101 991 1169 1064 sibi
1191 993 1397 1088 praescripto

169 1112 288 1185 ordini
309 1116 507 1198 inserviret,
522 1114 583 1186 sed
601 1139 684 1186 suas
704 1117 902 1186 sententias
923 1114 1037 1187 veluti
1058 1129 1188 1209 sponte
1202 1114 1244 1186 ad
1262 1130 1397 1186 metarn

170 1237 218 1308 ire
233 1238 376 1309 sineret.
633 1229 638 1239 ⁸

217 1367 311 1441 lllud
327 1386 449 1440 tamen
467 1393 543 1440 non
559 1368 603 1440 de
618 1367 794 1441 omnibus
810 1368 921 1441 huius
940 1369 1020 1441 libri
1044 1368 1169 1467 elegiis
1183 1370 1252 1442 dici
1266 1386 1395 1465 potest.

169 1492 323 1564 Constat
347 1494 383 1563 in
409 1491 536 1564 multis
558 1492 725 1564 ordinem
748 1491 956 1579 claudicare,
981 1518 1253 1589 nonnunquam
1274 1494 1323 1565 ita
1346 1509 1396 1579 ut,
1500 1516 1502 1521 ’

170 1614 232 1686 ubi
259 1616 307 1686 sis
332 1630 367 1686 et
394 1639 469 1711 quo
497 1639 566 1699 eas
589 1640 663 1686 non
693 1614 892 1688 discernere
913 1616 1041 1711 possis.
1063 1616 1154 1686 Laxa
1176 1631 1320 1687 tantum
1345 1630 1399 1687 est
1468 1633 1471 1638 ·

169 1736 292 1833 elegiae
313 1738 574 1833 rcompositio.
592 1737 660 1809 Sed
678 1740 826 1810 extremi
850 1763 976 1810 versus
992 1739 1114 1835 elegiae
1134 1762 1147 1830 3
1173 1754 1247 1810 tam
1271 1763 1398 1834 parurn
1488 1757 1489 1760 ’
1525 1747 1531 1758 ’

169 1884 254 1931 cum
270 1859 384 1957 elegia
399 1861 475 1954 ipsa
492 1860 685 1946 cohaerent,
704 1877 744 1931 ut
759 1886 778 1931 a
794 1859 1054 1933 recentioribus
1075 1860 1275 1932 editoribus
1290 1861 1398 1931 initio

168 2001 303 2079 quartae
331 1985 440 2080 positi
468 1986 551 2069 sint,
581 1984 643 2056 ubi
670 2001 891 2057 tamennon
920 1985 1059 2080 optime
1079 2000 1186 2056 stant.
1213 1982 1337 2080 Elegia
1365 1988 1397 2067 6,

169 2108 313 2204 qualem
335 2133 412 2180 earn
430 2111 466 2180 in
495 2108 595 2181 libris
618 2111 840 2195 invenimus,
864 2135 938 2181 non
956 2108 1098 2181 tolerari
1120 2124 1250 2205 potest.
1277 2112 1298 2180 8
1320 2125 1353 2180 et
1376 2131 1395 2200 9

169 2255 275 2304 merae
295 2256 468 2303 versuum
490 2232 685 2328 farragines
706 2249 868 2327 suntro
889 2231 1017 2304 lacuna
1037 2231 1193 2328 quadam
1214 2231 1270 2303 vel
1288 2247 1398 2302 trans·

167 2354 351 2447 positione
372 2351 532 2425 laborare
552 2351 696 2430 videtur
717 2354 808 2446 (vid.
832 2354 998 2437 Hirtium,
1024 2356 1097 2425 Das
1124 2353 1210 2424 Ant.
1237 2353 1396 2437 Buchw,

168 2501 200 2571 p.
227 2476 327 2569 417).
365 2481 407 2547 18
442 2491 616 2571 quattuor
648 2476 755 2570 primi
780 2500 905 2547 versus
934 2500 1010 2548 non
1041 2475 1133 2548 bene
1151 2501 1244 2578 curn
1274 2477 1398 2548 ceteris

167 2600 416 2671 consentiunt.
454 2621 495 2669 22
524 2598 622 2683 finis,
653 2619 708 2687 23,
732 2622 778 2689 24
806 2623 897 2671 verae
928 2601 1247 2694 interpretatorum
1277 2623 1399 2671 cruces

168 2738 265 2792 sunt.
288 2726 332 2794 26
349 2720 437 2792 duas
454 2721 612 2793 diversas
627 2737 744 2816 partes
758 2738 877 2817 aperte
894 2723 1070 2793 continet.
1090 2743 1134 2812 3ο
1150 2746 1268 2817 neque
1296 2722 1399 2794 intel·

169 2843 257 2915 lecta
285 2860 350 2924 est,
381 2868 516 2939 neque,
545 2844 665 2929 cred0‚
695 2843 858 2940 intellegi
888 2861 1017 2940 potest.
1048 2864 1092 2934 34
1120 2861 1238 2940 aperte
1267 2844 1399 2917 laxiore
1488 2942 1489 2945 Ἴ

168 2968 276 3038 etiarn
289 2992 397 3063 quarn
414 2990 426 3037 1
443 2966 684 3062 dispositione
696 2966 843 3038 laborat.
858 2969 898 3039 ln
911 2969 962 3039 eis
974 2969 1081 3039 etiam
1095 2967 1230 3064 elegiis
1244 2947 1398 3063 quarum
1522 2967 1524 2978 ⁴

169 3114 244 3161 non
263 3091 490 3161 mentionem
512 3090 677 3173 fecimus,
695 3113 788 3185 saepe
811 3091 1073 3161 sententiarum
1096 3114 1210 3161 nexus
1233 3088 1397 3162 solvitur.

217 3225 282 3295 His
298 3224 407 3295 tantis
422 3225 520 3295 vitiis
536 3223 691 3295 editores
707 3225 813 3295 variis
830 3223 949 3295 modis
966 3221 1124 3295 medelas
1140 3225 1263 3303 afferre
1279 3226 1398 3296 conati

168 3362 264 3440 sunt.
288 3346 450 3426 Quidam
473 3345 673 3418 nonnullas
694 3344 825 3443 elegias
847 3348 883 3417 in
905 3345 994 3417 duas
1015 3345 1071 3417 vel
1092 3362 1162 3418 tres
1179 3363 1295 3442 partes
1312 3370 1399 3418 rese-

169 3485 358 3553 caverunt;
386 3469 445 3540 alii
476 3468 823 3564 transpositionibus
856 3467 1106 3563 perturbatum
1134 3471 1396 3541 sententiarum

168 3592 333 3664 ordinem
358 3594 543 3665 restituere
572 3591 778 3663 voluerunt.
803 3590 877 3662 Alii
902 3593 1061 3664 astericis
1082 3609 1226 3664 rantum
1253 3592 1399 3664 lacunas

169 3716 389 3812 quibusdam
409 3715 498 3787 locis
519 3717 686 3788 exsistere
708 3714 970 3787 indicaverunt.
988 3715 1162 3799 Quidam,
1180 3740 1232 3787 ex.
1249 3740 1283 3810 g.
1300 3715 1400 3787 Baeh-

169 3839 321 3920 rensius‚
342 3837 452 3908 simul
473 3836 530 3908 his
551 3836 666 3909 tribus
688 3837 809 3909 modis
830 3853 918 3909 sunt
937 3839 1004 3909 usi.

216 3972 339 4041 Primo
360 3969 511 4041 sanandi
529 3970 641 4058 modo
659 3973 696 4042 in
711 3970 903 4073 nonnullis
917 3970 1041 4067 elegiis
1056 3969 1179 4042 locum
1196 3996 1274 4044 esse
1289 3971 1400 4043 faten-

168 4093 257 4164 dum
278 4109 341 4163 est.
364 4093 457 4163 Nam
481 4093 549 4163 aab
569 4117 589 4163 a
610 4116 652 4164 22
676 4095 752 4164 iure
774 4108 1039 4188 separaverunt,
1061 4091 1188 4164 itidem
1211 4094 1281 4184 24¹³
1301 4118 1319 4163 a
1342 4115 1398 4182 24,

140 4303 144 4313 Ι
169 4231 203 4286 et
226 4216 294 4286 261³
319 4240 337 4285 a
359 4219 415 4287 26.
438 4216 566 4286 Finem
589 4237 633 4306 34
653 4215 696 4287 ab
718 4216 825 4286 initio
849 4238 926 4286 non
948 4216 1027 4286 sine
1045 4238 1150 4286 causa
1171 4215 1397 4310 separaveris

169 4353 208 4408 ut
230 4361 304 4407 non
327 4337 462 4431 ubique
477 4335 683 4407 damnanda
699 4338 745 4407 sit
761 4335 821 4407 illa
841 4334 884 4407 ad
896 4334 1184 4431 disiungendunr
1202 4336 1398 4430 propensio

168 4461 398 4554 (propensity
418 4476 457 4530 to
478 4458 803 4556 disjunctiveness)
821 4444 932 4553 quarn
959 4455 1111 4550 Paleyus
1137 4459 1316 4554 vituperat
1335 4457 1398 4554 (ad
