3398 5468
760 562 929 629 ..8-

233 737 340 833 pulor
371 763 496 812 versus
531 757 586 812 tot
621 744 719 816 vitiis
753 742 958 817 laborantes
992 768 1069 816 esse
1099 742 1318 827 reiciendos‚
1348 761 1389 817 et
1416 746 1461 818 ab

232 861 505 956 interpolatore,
539 864 692 959 antiquo
720 866 887 960 quidem,
918 866 1025 938 fictos
1063 865 1120 937 vel
1156 864 1284 938 saltem
1317 867 1461 941 refictos

232 983 354 1068 fuisse,
372 1000 412 1056 ut
428 1009 532 1058 suam
549 988 700 1082 patriam
716 987 844 1061 celebri
861 990 1013 1061 nomine
1030 987 1167 1060 ditaret.
1183 986 1278 1060 lllud
1294 989 1459 1077 adiciam,

233 1099 483 1203 interpolatori
509 1132 612 1187 suam
642 1113 887 1184 mutationem
912 1111 950 1181 in
977 1126 1139 1182 mentem
1169 1135 1211 1183 ex
1237 1134 1281 1183 eo
1303 1114 1460 1200 venisse,

160 1309 162 1312 .
233 1229 333 1326 quod
358 1232 404 1316 Il,
435 1255 496 1323 32,
517 1251 538 1322 5
574 1261 591 1301 a
620 1232 811 1330 deportant
835 1234 958 1308 esseda
985 1233 1134 1308 Tibur»
1163 1234 1305 1331 legeret,
1332 1236 1461 1310 itidem

233 1376 251 1424 e
271 1351 435 1427 versibus
453 1354 512 1440 ΙΙΙ,
536 1357 589 1439 16,
609 1377 663 1427 1-2
681 1357 764 1452 (qui
784 1355 850 1428 hac
868 1358 1164 1453 interpunctione
1184 1356 1329 1454 legendi
1349 1376 1459 1432 sunt:

369 1608 452 1678 Nox
476 1606 603 1691 media,
633 1624 667 1678 et
696 1606 858 1679 dominae
884 1609 985 1680 venit
1009 1608 1164 1705 epistula
1191 1624 1323 1682 nostrae

461 1728 618 1813 Tibure;
653 1753 711 1801 me
739 1730 849 1802 missa
881 1731 988 1803 iussit
1014 1729 1137 1803 adesse
1168 1733 1288 1825 mora)

231 1979 425 2076 colligeret,
469 1979 672 2074 'Cynthiam
723 1979 858 2052 Tibure
908 1983 1040 2076 saepius
1092 1981 1216 2066 fuisse,
1274 1998 1308 2053 et
1355 2006 1459 2054 suam

231 2101 552 2198 interpolationem
574 2126 650 2174 non
674 2103 922 2197 suspicionem
946 2127 1023 2175 esse
1044 2118 1238 2175 moturam.
1261 2102 1459 2196 Cynthiam

231 2249 315 2321 ergo
342 2225 546 2298 Romanam
578 2225 690 2296 fuisse
722 2240 905 2320 putamus.

278 2347 387 2420 Nunc
418 2345 667 2443 quaerendum,
703 2347 802 2443 quod
836 2371 962 2419 verum
1004 2347 1133 2443 puellae
1171 2371 1307 2420 nomen
1339 2348 1457 2421 fuerit.

231 2471 380 2543 Certum
419 2487 472 2542 est
512 2472 612 2542 enim
646 2469 844 2563 Cynthiam
885 2472 1014 2542 fictum
1058 2494 1194 2542 nomen
1238 2470 1361 2543 fuisse.
1402 2473 1460 2546 Sic

231 2596 331 2667 enim
355 2593 535 2690 Apuleius
569 2595 606 2665 in
634 2593 828 2690 Apologiae
858 2618 932 2690 cap.
972 2593 1144 2667 decimo:
1172 2622 1189 2663 a
1217 2594 1458 2690 Propertium,

231 2718 294 2814 qui
319 2717 518 2810 Cynthiam
545 2716 649 2802 dicat,
677 2717 844 2790 Hostiam
876 2715 1135 2791 dissimulet.»
1162 2715 1262 2788 Idem
1286 2715 1461 2790 docemur

230 2864 250 2911 a
284 2837 478 2912 scholiasta
514 2838 557 2911 ad
592 2842 668 2912 luv.
706 2839 764 2925 Vl,
802 2861 819 2932 7
851 2867 857 2910 :
902 2868 919 2908 a
955 2838 1115 2933 Cynthia
1143 2839 1317 2935 Propertii
1346 2841 1461 2913 amica

123 2941 124 2944 Ἴ
231 2979 450 3058 sumptuosa
478 2964 624 3059 proprio
654 2963 807 3034 nomine
836 2964 965 3036 Hostia
993 2962 1228 3036 dicebatur.»
1261 2963 1389 3058 Neque
1423 2964 1459 3036 id

232 3087 378 3174 mirum,
400 3110 485 3158 cum
508 3110 550 3158 ex
569 3085 728 3182 Apuleio
750 3085 837 3180 (loc.
860 3087 939 3180 cit.)
958 3102 992 3158 et
1011 3087 1154 3158 Acrone
1175 3084 1217 3157 ad
1237 3086 1324 3157 Hor.
1345 3086 1458 3159 Serm.

230 3211 255 3294 l,
273 3232 305 3295 2,
328 3212 373 3300 64
400 3225 542 3282 constet
566 3209 766 3306 Augusteae
790 3210 905 3282 aetatis
927 3216 1051 3306 poetas
1072 3232 1166 3305 saepe
1190 3209 1239 3281 ita
1261 3211 1459 3282 amicarum

230 3333 287 3405 vel
314 3334 534 3407 feminarum
563 3352 879 3428 quarumcumque
908 3333 1061 3404 nomina
1095 3333 1319 3417 immutasse,
1351 3348 1391 3405 ut
1422 3334 1458 3404 in

231 3481 358 3530 eorum
382 3455 515 3529 'locum
550 3453 618 3527 alia
656 3455 809 3526 nomina
834 3452 964 3526 eodem
994 3453 1213 3547 syllabarum
1241 3479 1395 3527 numero
1426 3472 1461 3527 et

231 3578 356 3652 eadem
385 3578 586 3674 quantitate
614 3576 760 3673 praedita
788 3576 1060 3650 substituerent.
1083 3576 1175 3648 Vide
1205 3600 1287 3672 quae
1315 3576 1358 3648 de
1390 3577 1460 3648 hoc

231 3725 301 3775 usu
337 3701 427 3773 dixit
455 3698 642 3772 Bentleius
680 3698 724 3770 ad
757 3700 843 3770 Hor.
871 3699 989 3771 Carm.
1020 3699 1066 3786 Il,
1099 3721 1157 3784 12,
1187 3721 1242 3792 15.
1272 3698 1461 3773 Bentleius

231 3822 342 3897 huius
370 3823 460 3920 legis
485 3824 536 3895 sic
560 3845 704 3893 causam
729 3820 926 3895 describit:
957 3850 975 3890 a
1003 3823 1046 3893 Et
1069 3821 1149 3893 data
1174 3820 1323 3917 quidem
1353 3846 1461 3918 opera

230 3947 266 4018 id
297 3972 316 4018 a
346 3947 463 4043 poetis
492 3945 705 4030 factitatum,
735 3960 775 4017 ut
802 3946 865 4040 qui
897 3946 974 4016 eius
1006 3945 1055 4016 rei
1086 3945 1221 4016 conscii
1249 3961 1379 4029 essent,
1413 3963 1459 4033 et,

232 4069 331 4166 quod
369 4069 515 4154 dicitur,
546 4068 683 4141 clavem
719 4066 907 4153 haberent,
944 4067 1046 4140 facile
1078 4091 1143 4165 pro
1176 4069 1263 4140 ficto
1309 4069 1460 4140 nomine

232 4217 357 4266 verum
391 4192 609 4266 substituere
642 4207 793 4287 possent
824 4191 903 4262 sine
935 4215 1060 4287 versus
1091 4191 1295 4289 dispendio.
1323 4220 1340 4259 a
1376 4192 1461 4272 Qua

232 4314 322 4412 legis
371 4340 476 4387 causa
532 4317 637 4387 nixus
678 4314 837 4387 Marxius
878 4315 930 4409 (p.
971 4316 1037 4410 46)
1087 4315 1239 4387 affirmat
1285 4315 1460 4410 Propertii

231 4440 384 4512 amicam
419 4462 502 4511 vero
545 4438 698 4510 nomine
728 4460 803 4508 non
842 4438 1009 4511 Hostiam
1046 4462 1123 4511 esse
1160 4437 1390 4535 appellatam,
1426 4455 1461 4509 et
