3398 5468
706 564 901 635 ,39-

186 733 319 830 ¹25-26)
347 746 383 803 et
415 754 433 802 e
463 746 539 802 tota
571 727 759 824 Thessalia
787 731 904 802 toxica
942 728 1063 802 bibere
1096 731 1141 826 (Ι,
1176 749 1205 824 5,
1240 732 1297 824 ό).
1334 733 1421 802 Mox

190 877 353 926 amorem
396 852 570 925 humanis
601 851 792 927 doloribus
840 869 913 925 erat
950 850 1254 926 adnumeraturus
1291 852 1351 947 (ΙΙ,
1390 875 1419 936 r,

190 979 340 1072 57-58).
395 977 471 1048 lam
518 975 678 1070 Cynthia
720 975 896 1049 declivem
926 976 1023 1047 viam
1069 973 1319 1059 descendebat,
1375 988 1419 1060 et,

190 1115 281 1172 teste
314 1099 428 1196 elegia
472 1100 498 1184 Ι,
538 1103 599 1184 16,
640 1100 820 1196 inceperat
851 1122 925 1170 suae
959 1099 1064 1170 famae
1103 1122 1178 1170 non
1213 1122 1353 1194 parcere
1386 1113 1422 1169 et

191 1221 287 1295 saecli
321 1220 462 1294 luxuria
491 1223 644 1317 turpiori
669 1222 782 1294 modo
812 1222 948 1296 vivere.

239 1343 512 1429 Nihilominus
544 1345 661 1416 immo
695 1369 736 1416 ea
766 1346 843 1441 ipsa
868 1343 911 1416 de
948 1368 1053 1416 causa
1089 1344 1299 1440 Propertius
1330 1342 1423 1436 Cyrr-

191 1466 307 1540 thiam
335 1466 486 1540 amabat.
520 1468 615 1539 Nam
645 1483 776 1540 notum
804 1483 858 1540 est
891 1465 1174 1539 adulescentulis
1205 1465 1424 1564 magnitudi-

192 1614 278 1662 nem
311 1591 428 1686 ipsam
461 1591 541 1661 vitii
584 1588 863 1687 quodammodo
902 1591 1102 1686 imponere,
1153 1605 1188 1661 et
1239 1613 1302 1663 eos
1346 1590 1423 1660 imo

190 1710 299 1785 corde
330 1727 549 1801 tumescere,
570 1714 599 1784 si
629 1737 727 1798 eam,
757 1736 868 1808 quam
895 1711 964 1784 sibi
994 1711 1082 1784 solis
1111 1712 1263 1784 retinere
1290 1709 1421 1796 velint,

192 1834 368 1906 feminam
403 1833 494 1907 alios
529 1858 678 1931 quoque
710 1833 853 1930 fulgore
887 1858 955 1906 suo
985 1858 1085 1906 urere
1111 1834 1268 1906 videant.
1295 1833 1423 1928 Neque

192 1954 362 2050 Cynthiae
393 1957 462 2052 ipsi
498 1955 736 2053 displicebant
779 1958 882 2053 ignes
935 1956 1125 2052 Propertii,
1160 1953 1424 2028 adulescentuli

193 2079 376 2175 quendam
403 2079 622 2176 virginitatis
654 2079 784 2153 florem
827 2077 1025 2151 redolentis
1064 2094 1098 2151 et
1144 2076 1307 2150 eiusdem
1348 2101 1423 2149 non

194 2201 457 2273 contemnendi
512 2218 639 2298 poetae,
682 2218 717 2273 et
767 2204 804 2272 in
838 2223 880 2274 eo
914 2200 1137 2299 gloriabatur
1171 2200 1270 2297 quod
1298 2200 1424 2271 ceteris

193 2322 404 2420 vulgaribus
436 2323 660 2396 amatoribus
687 2325 873 2421 egregium
917 2348 992 2397 suae
1028 2321 1312 2420 pulchritudinis
1353 2321 1426 2394 lau-

195 2443 357 2518 datorem
398 2445 653 2541 adscripsisset.
686 2446 822 2519 Causas
863 2463 975 2518 certas
1022 2447 1134 2544 igitur
1183 2445 1351 2517 videmus
1386 2445 1425 2514 in

196 2582 352 2663 utroque
375 2584 521 2640 amante
540 2569 663 2653 fuisse,
690 2593 752 2641 cur
774 2569 970 2641 discidium
992 2584 1154 2653 cessaret,
1178 2584 1213 2639 et
1234 2568 1425 2663 interrupti

195 2713 337 2761 amores
363 2691 436 2761 iam
463 2705 626 2786 tempore
653 2691 761 2788 primi
787 2690 869 2763 libri
897 2692 1063 2763 exeuntis
1089 2705 1358 2763 renovarentur.

246 2810 326 2897 Sed,
365 2813 395 2884 si
434 2813 638 2885 secundum
688 2813 823 2886 librum
868 2813 1161 2898 consideraveris
1186 2811 1326 2884 videbis
1359 2837 1424 2899 res

196 2935 364 3006 restituto
393 2959 526 3020 amore,
556 2960 632 3007 non
660 2937 698 3007 in
730 2937 887 3032 priorem
916 2950 1052 3007 statum
1081 2933 1193 3034 fuisse
1220 2936 1418 3009 restitutas.

196 3055 341 3127 Etenim
375 3058 536 3152 primum
561 3057 710 3154 quidem
739 3056 883 3142 librum,
914 3074 1039 3129 contra
1065 3055 1258 3154 Herzbergi
1286 3058 1428 3153 opinio-

198 3200 294 3260 nem,
322 3177 360 3247 in
395 3179 607 3250 universum
637 3203 713 3251 non
743 3177 869 3251 laetum
900 3202 977 3250 esse
1010 3176 1294 3249 observavimus.
1318 3176 1428 3250 Nulla

198 3317 320 3374 tamen
341 3303 470 3374 insunt
490 3302 655 3397 (excepta
669 3302 694 3387 l,
716 3303 754 3396 1)
767 3325 859 3373 verae
880 3301 1152 3395 desperationis,
1170 3324 1289 3395 neque
1304 3322 1428 3372 rursus

200 3423 315 3496 multa
333 3423 548 3496 exsultantis
569 3422 703 3496 laetitiae
725 3424 858 3495 indicia
876 3423 978 3518 (vide
996 3438 1118 3494 tamen
1138 3422 1164 3506 Ι,
1195 3424 1268 3516 14).
1292 3422 1429 3494 Contra

200 3546 350 3619 secundi
367 3546 448 3619 libri
468 3563 632 3644 tempore
646 3571 701 3619 res
721 3548 854 3642 saepius
874 3547 1021 3642 penitus
1041 3546 1227 3617 immutari
1248 3545 1427 3630 videmus

201 3685 242 3741 ut
267 3668 409 3741 radians
436 3667 495 3769 sol
513 3668 636 3742 subito
661 3686 734 3741 atra
756 3668 853 3741 nube
880 3667 1102 3740 obscuretur.
1125 3668 1201 3739 Iam
1221 3668 1328 3739 initio
1348 3666 1429 3740 libri

200 3794 254 3886 (1,
276 3815 307 3877 2,
333 3794 371 3887 3)
400 3807 506 3889 poeta
529 3792 661 3863 recenti
690 3792 840 3863 victoria
862 3789 968 3863 laetus
995 3792 1033 3861 in
1059 3813 1133 3862 suae
1158 3791 1282 3883 amicae
1313 3787 1431 3861 lauda-

202 3915 322 3987 tiones
342 3915 557 3988 effunditur.
581 3915 669 3986 Mox
690 3937 852 3986 amorem
866 3912 1070 4010 puellarum
1091 3910 1242 3984 declarat
1266 3936 1430 3985 amarum

202 4040 274 4134 (4),
309 4038 495 4138 Cynthiae
515 4061 619 4111 suam
661 4039 862 4133 nequitiam
898 4035 1087 4133 exprobrat
1123 4037 1196 4131 (5),
1234 4059 1430 4132 graecarum

205 4163 434 4234 meretricum
450 4163 534 4233 vitae
550 4176 735 4256 comparat
749 4161 821 4254 (6),
839 4158 984 4254 perfidae
997 4182 1126 4255 poenas
1140 4159 1301 4229 minatur
1315 4158 1431 4252 (5,4):

402 4412 449 4482 Et
483 4406 590 4479 nobis
621 4406 757 4503 aliquo,
792 4403 961 4499 Cynthia,
996 4419 1129 4477 ventus
1161 4403 1227 4474 erit
