3398 5468
755 573 948 641 ..92-

237 739 331 811 Nam
352 740 390 810 in
409 757 525 834 poetae
544 739 711 834 superbia
726 755 848 811 totum
863 755 1023 811 versatur
1055 737 1274 809 Vicesimam
1308 737 1461 833 elegiam

236 863 275 931 in
291 860 380 933 duas
396 861 528 958 elegias
543 862 619 935 iure
636 862 766 935 dividit
795 860 961 958 Scaliger,
987 885 1096 956 quem
1124 859 1184 932 alii
1212 861 1326 931 secuti
1353 877 1456 933 sunt.

239 1006 284 1073 24
316 999 350 1055 et
383 1004 439 1075 25,
473 1009 563 1080 quas
599 1009 671 1056 una
708 984 871 1056 scribunt
896 984 955 1056 alii
985 983 1271 1078 (Lachmannus,
1301 982 1463 1064 lacobus,

236 1105 496 1200 Eaehrensius),
525 1124 688 1203 separant
718 1107 779 1179 alii
808 1107 1079 1204 (Hertzbergus
1101 1108 1138 1178 L.
1164 1105 1372 1190 Muellerus
1389 1104 1464 1177 Pal-

237 1230 389 1323 merus),
412 1229 569 1302 litterula
605 1247 750 1303 tantum
787 1234 863 1303 iure
890 1230 1141 1327 distingueres.
1180 1232 1234 1301 De
1266 1245 1463 1302 ceterarum

235 1351 433 1449 elegiarum
456 1355 622 1425 terminis
643 1378 718 1425 non
741 1353 954 1450 disputatur.
986 1355 1054 1425 Hit
1086 1352 1279 1425 doctorum
1300 1354 1462 1424 virorum

236 1498 439 1547 consensus
454 1477 555 1548 testis
569 1492 623 1548 est
638 1493 784 1571 poetam
804 1478 841 1547 in
863 1500 1082 1573 unaquaque
1110 1475 1222 1573 elegia
1250 1499 1368 1547 unum
1382 1490 1464 1580 ,tan-

235 1612 314 1668 tum
340 1614 597 1694 argumentum
624 1615 781 1684 tractare,
800 1624 918 1695 neque
945 1599 1013 1672 sibi
1029 1624 1048 1670 a
1065 1624 1101 1671 se
1122 1599 1348 1695 praescriptos
1369 1599 1462 1669 fines

235 1721 365 1816 egredi.
382 1722 553 1793 Praeterea
568 1723 605 1792 in
621 1723 745 1794 ceteris
761 1721 884 1819 elegiis
900 1747 1013 1818 pauca
1025 1721 1068 1794 ab
1082 1721 1292 1806 editoribus,
1314 1737 1462 1817 excepto

234 1858 357 1914 tamen
371 1843 591 1930 Baehrensio,
614 1844 827 1917 lacunarum
851 1847 954 1942 signa
969 1847 1086 1941 posita
1108 1860 1204 1929 sunt,
1235 1869 1309 1940 quo
1333 1844 1465 1916 evinci-

233 1980 292 2037 tur
311 1965 382 2038 illis
409 1966 591 2039 iudicibus
613 1968 739 2039 omnia
763 1992 885 2041 secum
921 1971 1006 2041 satis
1034 1968 1125 2040 bene
1155 1967 1342 2040 cohaerere.
1369 1968 1461 2039 Item

234 2112 363 2182 paucas
395 2091 697 2186 transpositiones
736 2092 831 2187 apud
873 2091 1064 2187 plerosque
1104 2092 1255 2186 reperias
1293 2094 1462 2186 (excepto

234 2211 364 2282 eodem
381 2212 621 2306 Baehrensio)‚
644 2213 744 2307 quod
761 2213 857 2302 idem
872 2213 1009 2308 probat.
1033 2305 1035 2308 Ι

280 2346 325 2415 Et
355 2369 472 2417 revera
506 2344 676 2417 adversus
706 2366 736 2434 3,
763 2370 844 2441 quae
871 2348 1026 2418 narratio
1058 2362 1120 2431 est,
1144 2370 1177 2438 4,
1201 2361 1214 2437 5
1242 2349 1343 2442 (quae
1371 2345 1462 2418 duas

157 2549 160 2554 ¹
233 2482 349 2561 partes
364 2466 500 2561 habet),
520 2471 550 2551 6,
568 2490 648 2562 quae
670 2484 723 2538 est
740 2469 905 2552 narratio,
934 2491 965 2560 9,
992 2490 1122 2553 10,11,
1148 2490 1201 2554 12,
1239 2490 1291 2558 13,
1324 2490 1377 2558 14,
1406 2471 1459 2550 16,

237 2609 289 2680 17,
311 2591 363 2673 18,
384 2611 437 2679 19,
460 2611 514 2673 20,
541 2573 615 2674 aob,
637 2612 693 2674 21,
713 2612 769 2672 22,
786 2612 841 2681 23,
860 2608 962 2682 24-25
990 2589 1081 2661 nihil
1100 2589 1210 2662 habes
1231 2590 1330 2686 quod
1352 2590 1459 2662 dicas.

232 2711 273 2781 111
303 2732 325 2805 7
349 2713 585 2808 transpositio
618 2737 691 2783 una
719 2729 780 2785 aut
807 2711 915 2784 altera
938 2728 1083 2784 tantum
1122 2713 1347 2808 proponitur,
1375 2713 1412 2783 in
1439 2715 1460 2783 8

232 2830 397 2904 lacunam
418 2833 589 2906 nonnulli
606 2836 843 2930 suspicantur,
870 2835 907 2905 in
933 2853 971 2928 15
991 2836 1315 2930 transpositionem
1347 2833 1460 2930 aliqui

231 2955 303 3047 (ex.
325 2980 358 3051 g.
388 2954 586 3042 Palmerus,
607 2957 783 3041 Praefati0,
801 2982 834 3053 p.
864 2957 930 3050 40)
960 2957 1193 3028 necessariam
1227 2957 1398 3040 iudicant,
1422 2973 1462 3027 ut

132 3134 134 3138 »
232 3075 320 3171 quid
335 3102 405 3148 vox
418 3079 505 3149 testis
522 3080 703 3176 significet
716 3079 956 3176 intellegatur.
975 3079 1063 3159 Quo
1080 3078 1463 3174 evinciturplerosque

231 3198 388 3272 editores
424 3203 537 3273 varias
574 3202 769 3299 elegiarum
807 3203 1006 3274 sententias
1036 3201 1126 3274 bene
1153 3201 1346 3297 dispositas
1370 3204 1464 3273 aesti-

233 3346 340 3394 mare.

280 3455 384 3528 Falso
423 3473 545 3529 tamen
586 3461 623 3532 in
661 3458 731 3530 hoc
758 3460 864 3530 tertio
896 3457 988 3531 libro
1031 3458 1197 3532 ordinem
1238 3460 1345 3555 primi
1380 3458 1464 3530 libri

231 3581 500 3675 exspectaveris.
534 3581 627 3652 Nam
661 3582 846 3676 tripartitae
879 3581 1051 3653 divisioni
1087 3606 1227 3677 perraro
1254 3582 1356 3654 locus
1391 3598 1461 3666 est,

232 3699 368 3772 nedum
390 3701 569 3798 strophas
608 3704 827 3807 constituere
854 3705 982 3798 possis.
1011 3705 1050 3774 ln
1081 3704 1300 3799 quibusdam
1340 3705 1462 3788 etiam,

232 3824 400 3919 quamvis
430 3828 555 3896 omnia
600 3850 724 3897 secum
766 3826 979 3911 cohaereant,
1015 3817 1318 3902 ¹vitiosavidetur
1347 3828 1465 3900 totius

231 3949 400 4019 carminis
415 3947 618 4044 dispositio
630 3952 684 4021 De
696 3973 726 4020 11
747 3951 897 4046 pistrina
911 3948 1033 4035 cauda,
1048 3976 1158 4047 quam
1173 3975 1293 4022 veram
1309 3948 1464 4046 elegiam

231 4094 308 4142 esse
329 4095 404 4141 11011
422 4072 499 4143 sine
527 4096 632 4144 causa
652 4073 875 4157 iudicaretis,
904 4075 975 4144 iam
1009 4070 1179 4145 diximus.
1199 4075 1240 4144 111
1266 4097 1305 4145 12
1327 4096 1465 4144 errores

231 4195 375 4288 Ulyssei
393 4194 683 4267 nimiumlocum
701 4196 882 4267 obtinent.
896 4197 937 4267 111
957 4215 994 4290 15
1017 4213 1052 4268 et
1071 4219 1111 4287 19
1128 4195 1225 4268 idem
1237 4196 1280 4268 de
1294 4195 1464 4291 exemplo

231 4316 287 4388 vel
304 4318 477 4414 exemplis
507 4342 525 4390 a
553 4317 783 4414 mythologia
802 4319 919 4390 ductis
951 4318 1019 4389 dici
1046 4335 1175 4415 potest.
1205 4319 1246 4390 111
1281 4317 1464 4415 plerisque

231 4463 316 4510 vero
335 4456 480 4535 poetam
511 4439 606 4526 facili
637 4441 750 4513 modo
778 4441 948 4536 sequaris
980 4442 1042 4536 qui
1070 4439 1126 4512 vel
1161 4465 1306 4513 narrans
1340 4440 1462 4512 ordini
