3398 5468
748 627 1006 713 -46—.

231 822 346 900 poeta,
373 804 473 904 quod
502 806 616 903 elegia
638 809 715 902 ipsa
737 823 898 895 testatur,
931 834 1006 881 non
1034 812 1107 883 iam
1123 836 1228 884 suam
1247 815 1459 910 gravitatem

232 927 406 1002 celebrare
430 931 621 1026 potuisset.
645 931 842 1003 Veritatem
864 932 906 1003 de
933 932 1045 1005 altero
1069 950 1221 1031 uterque
1247 952 1405 1021 noverat,
1426 951 1461 1008 et

232 1052 279 1124 ob
307 1077 385 1124 eam
412 1077 525 1124 unam
556 1077 702 1125 causam
731 1053 890 1147 Cynthia
917 1057 1094 1142 irascitur,
1125 1058 1225 1152 quod
1252 1060 1460 1155 Propertius

232 1177 269 1247 in
291 1202 330 1249 ea
353 1176 478 1261 domo,
500 1176 562 1248 ubi
587 1201 660 1248 una
679 1178 819 1261 vivunt,
839 1202 988 1273 peccans
1009 1204 1087 1252 eam
1103 1181 1268 1253 videatur
1289 1181 1459 1254 deridere.

231 1300 306 1371 Iam
331 1301 359 1371 si
388 1299 539 1396 elegiam
567 1318 581 1394 5
608 1299 892 1385 consideremus,
909 1301 1000 1374 lenae
1025 1301 1186 1388 consilia,
1208 1327 1289 1399 quae
1314 1295 1461 1401 poetam

233 1420 484 1506 excludivult,
507 1447 583 1493 non
610 1424 648 1493 in
673 1424 849 1519 Propertii
877 1424 990 1496 domo
1010 1424 1084 1497 dari
1114 1442 1323 1521 potuerunt.
1354 1427 1463 1500 Unde

233 1545 275 1616 fit
291 1544 488 1617 verisimile
509 1543 709 1638 Cynthiam
732 1535 809 1617 non
831 1571 972 1642 semper
995 1531 1079 1619 curn
1108 1550 1296 1645 Propertio
1318 1550 1461 1636 vixisse,

234 1669 296 1740 sed
325 1668 470 1764 saepius,
501 1683 543 1738 ut
576 1666 722 1740 liberior
751 1669 853 1754 foret,
887 1695 990 1742 suam
1018 1669 1115 1757 alibi,
1144 1670 1320 1767 probabili
1348 1672 1462 1745 modo

234 1793 272 1863 in
297 1790 491 1863 Suburano
520 1791 602 1861 vico
629 1792 680 1885 (7,
714 1793 777 1886 15)
806 1790 975 1864 habuisse
998 1793 1164 1879 domum,
1193 1819 1269 1866 non
1295 1781 1463 1867 utillum

235 1913 348 1987 modo
382 1913 614 1985 decantatum
647 1930 848 2009 praetorem,
897 1914 1001 2012 cujus
1044 1915 1154 1988 titulo
1205 1915 1312 1989 nobis
1359 1941 1464 1989 aures

235 2036 460 2121 obtundunt,
494 2037 673 2132 reciperet,
704 2034 766 2107 sed
797 2036 911 2107 alium
933 2062 1083 2133 quoque
1114 2040 1281 2134 quemvis
1314 2037 1464 2110 beatum

235 2178 458 2246 amatorem;
487 2158 579 2231 illud
606 2176 729 2231 tamen
756 2161 840 2232 vitae
864 2185 981 2256 genus
1008 2162 1103 2233 inter
1125 2186 1187 2233 eos
1208 2162 1463 2249 intercessisse,

236 2299 277 2356 ut
302 2300 454 2379 uterque
479 2283 516 2352 in
542 2281 688 2354 alterius
712 2282 825 2354 domo
846 2284 939 2354 sein
961 2308 1027 2354 sua
1051 2285 1165 2379 ipsius
1192 2283 1305 2373 domo
1325 2283 1465 2356 credere

235 2421 368 2503 posset,
399 2407 555 2502 exceptis
583 2423 705 2477 tamen
733 2404 971 2501 temporibus,
995 2406 1131 2502 quibus
1164 2406 1324 2501 Cynthia
1354 2405 1466 2478 nimis

235 2529 391 2601 fideliter
422 2527 513 2601 lenae
543 2526 693 2599 consilia
720 2527 948 2624 sequebatur.
970 2529 1064 2600 Puto
1089 2528 1150 2600 tali
1180 2545 1344 2625 tempore
1370 2529 1467 2623 Cyn·

236 2651 352 2724 thiam
391 2652 597 2734 decessisse,
619 2650 655 2721 id
677 2667 740 2736 est,
774 2675 858 2722 cum
893 2668 999 2748 poeta
1028 2677 1103 2723 non
1142 2654 1378 2749 reciperetur;
1415 2653 1468 2724 sic

238 2800 315 2846 eam
348 2774 483 2846 vilibus
517 2773 704 2869 obsequiis
725 2774 838 2845 fuisse
866 2773 1068 2871 sepultam,
1102 2791 1247 2870 poetam
1274 2800 1359 2847 vero
1388 2800 1468 2871 pos-

237 2901 349 2973 terius
382 2900 459 2971 eius
491 2879 614 2971 servos
646 2914 680 2970 et
708 2922 825 2970 servas
860 2898 897 2970 in
932 2923 1034 2970 suam
1071 2899 1238 2986 domum,
1272 2898 1344 2989 illis
1374 2897 1468 2970 bene

239 3039 376 3105 notam,
394 3021 649 3117 deportavisse,
673 3037 714 3091 ut
739 3044 844 3091 novae
870 3020 1041 3108 dominae,
1060 3044 1171 3115 quam
1192 3019 1260 3092 sibi
1282 3018 1468 3091 interdum

239 3161 515 3241 comparaverat,
540 3145 723 3215 servirent.
751 3145 847 3224 Quae
868 3142 911 3214 de
933 3166 1077 3214 veneno
1106 3141 1178 3213 sibi
1199 3140 1283 3213 dato
1309 3140 1470 3235 Cynthia
1550 3148 1551 3151 ’

240 3263 384 3341 mortua
411 3267 497 3338 dicit
529 3270 581 3361 (7,
611 3268 689 3361 326),
720 3264 826 3336 nihili
856 3265 948 3337 facio
975 3267 1080 3360 (nam
1109 3263 1152 3336 de
1183 3289 1327 3336 veneno
1357 3265 1470 3336 nimis

240 3414 334 3486 saepe
349 3391 391 3461 fit
408 3391 559 3477 mentio,
588 3389 631 3461 cf.
654 3390 695 3477 Ii,
727 3411 781 3480 32,
805 3409 866 3481 27,
899 3405 933 3460 et
952 3388 1172 3459 veneficium
1186 3387 1296 3481 iocus
1318 3384 1469 3482 quidam

241 3514 452 3585 communis
472 3513 584 3584 fuisse
599 3511 771 3605 videtur).

291 3656 387 3735 Quae
413 3669 496 3750 post
526 3651 697 3747 Cynthiae
740 3668 897 3722 mortem
935 3651 1132 3733 evenerint,
1162 3666 1283 3720 utrum
1318 3649 1354 3719 in
1389 3646 1473 3718 aula

243 3793 359 3875 poetae
388 3776 503 3850 lectus
531 3775 683 3872 genialis
707 3777 828 3856 fuerit,
862 3799 907 3845 an
936 3772 1063 3845 caelebs
1089 3772 1290 3844 obduratus
1313 3786 1472 3842 mortem

243 3903 387 3982 obierit,
411 3925 529 3997 neque
545 3925 612 3997 ego
629 3901 727 3984 novi,
748 3923 867 3994 neque
888 3897 959 3984 alii,
982 3898 1045 3992 qui
1070 3898 1205 3967 incerta
1223 3893 1266 3966 de
1286 3895 1472 3965 Passenno

242 4024 356 4097 Paulo
376 4022 487 4118 (Plin.
510 4024 613 4108 Min,
640 4023 702 4100 Vl,
732 4039 768 4114 15
792 4047 800 4106 ;
826 4022 885 4108 IX,
916 4021 981 4112 22)
1002 4020 1287 4090 somniaverunt.

292 4168 342 4239 Ut
373 4191 490 4236 meam
529 4165 747 4236 sententiam
792 4163 914 4258 paucis
954 4159 1072 4230 verbis
1117 4156 1348 4255 complectar,
1381 4171 1473 4252 puto

171 4317 176 4325 ⁴
245 4287 455 4382 Cynthiam,
486 4312 570 4358 cum
598 4288 669 4357 iam
698 4287 783 4356 vivo
816 4285 943 4355 marito
970 4280 1053 4377 plus
1084 4305 1195 4376 quam
1222 4279 1335 4350 libero
1360 4276 1475 4348 modo

244 4411 402 4494 vixisset,
427 4408 614 4505 paulatim,
635 4424 832 4505 postquam
862 4430 941 4477 eam
969 4419 1075 4500 poeta
1097 4427 1215 4474 amare
1242 4415 1407 4496 coeperat,
1435 4400 1473 4470 in

247 4535 443 4607 meretricis
481 4534 592 4604 eitam
634 4556 711 4603 esse
756 4529 968 4624 delapsam;
1001 4526 1318 4624 aliquemltamen
1366 4521 1476 4618 primi
