3398 5468
759 622 952 696 —u-

234 788 403 882 ,pretiosae
440 791 549 884 (13);
584 788 645 861 sed
684 814 814 861 aurum
848 790 1083 886 culpandum.
1119 793 1313 888 Spartanos
1347 818 1467 865 mores

236 911 285 983 ita
306 910 480 984 desiderat
505 913 591 1008 (14)
614 930 653 984 ut
673 927 793 985 tamen
816 912 869 985 illi
902 915 1012 985 vitam
1040 916 1245 988 Romanam
1276 939 1352 987 esse
1379 916 1468 988 tole-

235 1021 383 1106 rabilem
410 1034 543 1106 sentias
566 1034 667 1128 (vide
690 1035 832 1129 finem).
860 1037 1032 1108 Dominae
1059 1037 1158 1108 iussa
1182 1039 1329 1133 exsequi
1359 1036 1465 1110 debet

237 1181 318 1252 quae
346 1158 383 1228 in
407 1180 491 1228 eum
514 1178 588 1227 non
616 1174 824 1229 mansuetas
853 1182 984 1230 manus
1009 1157 1137 1230 habeat
1161 1161 1256 1254 (16).
1286 1160 1355 1232 Sed
1386 1163 1465 1234 eius

235 1277 410 1351 invidiam
439 1280 664 1351 excitat'sua
692 1303 774 1376 erga
800 1281 1001 1374 Lycinnam
1031 1281 1162 1378 agendi
1196 1284 1336 1355 ratione
1365 1285 1383 1378 (
1413 1285 1462 1379 5).

194 1423 196 1428 ·
236 1400 340 1474 Certe
367 1400 498 1497 aliquae
524 1401 841 1498 elegiaetestantur
862 1423 947 1475 eum
974 1398 1196 1499 aliquotiens
1222 1404 1333 1500 paulo
1360 1405 1464 1478 rehe-

236 1525 396 1629 mentius
422 1524 534 1597 fuisse
568 1540 810 1597 commotum.
846 1547 885 1619 17
921 1523 1104 1600 Bacchum
1145 1540 1222 1599 orat
1256 1543 1296 1600 ut
1329 1530 1463 1600 vitium

234 1649 421 1722 exanimo
442 1672 511 1720 suo
531 1648 646 1720 diluat
671 1651 723 1744 (v,
742 1650 792 1742 6).
815 1667 855 1741 19
884 1644 1053 1744 Cynthiae
1078 1649 1462 1747 rabidamnequitiam

235 1770 433 1868 exprobrat.
462 1769 531 1843 Sed
556 1772 594 1842 in
609 1794 732 1843 amore
759 1770 970 1844 renovando
991 1771 1087 1869 leges
1115 1771 1242 1845 statuit
1263 1774 1360 1868 (20),
1387 1797 1462 1869 quo

234 1892 406 1989 probatur
423 1916 509 1966 eum
528 1908 616 1965 tunc
636 1894 810 1989 temporis
831 1895 888 1965 sui
909 1911 1119 1991 compotem
1139 1890 1262 1967 fuisse.
1284 1894 1460 1967 Amorem

234 2036 344 2089 suum
374 2033 518 2114 turpem
550 2040 627 2089 esse
656 2012 788 2088 fatetur
813 2019 890 2112 (21,
919 2019 994 2111 33),
1023 2034 1058 2089 et
1086 2016 1250 2090 Athenas
1282 2017 1462 2115 proficisci

233 2139 322 2213 vult.
339 2140 406 2212 His
425 2138 601 2211 omnibus
618 2137 864 2224 consideratis
891 2139 984 2210 mihi
1010 2138 1185 2212 concedes
1210 2142 1247 2212 in
1269 2139 1333 2213 illo
1354 2143 1462 2214 tertio
1510 2142 1512 2146 ‘

233 2261 326 2334 libro
349 2260 458 2358 longe
478 2261 591 2334 alium
612 2286 651 2333 ae
671 2261 707 2332 in
728 2261 890 2334 secundo
910 2258 1016 2334 nobis
1036 2284 1201 2359 apparere
1221 2265 1462 2360 Propertium,

234 2386 408 2457 maiorem
425 2385 462 2456 iu
479 2383 544 2456 illo
563 2399 708 2480 poetam
726 2382 1049 2481 philosophantem
1066 2384 1190 2457 locum
1210 2399 1330 2458 tenere
1351 2405 1462 2483 quam

233 2486 431 2580 amatorem
448 2507 541 2578 inter
559 2504 735 2602 gaudium
752 2522 786 2576 et
806 2503 1094 2602 desperationem
1116 2508 1298 2592 iactatum,
1316 2524 1350 2580 et
1366 2533 1465 2579 amo-

233 2635 308 2701 rem
340 2631 412 2701 iam
439 2629 684 2701 remissiorem
711 2625 780 2700 hoc
805 2643 967 2726 tempore
994 2631 1030 2700 in
1058 2625 1241 2724 quandam
1269 2646 1464 2703 consuetu-

230 2749 357 2848 dinem
377 2753 540 2834 vertisse‚
562 2752 600 2822 in
624 2772 695 2845 qua
719 2767 870 2846 uterque
893 2775 961 2823 suo
984 2747 1130 2824 arbitrio
1155 2769 1286 2849 ageret,
1310 2767 1464 2848 uterque

232 2874 332 2946 alteri
366 2896 431 2945 sua
462 2874 549 2944 vitia
583 2872 815 2944 condonaret.
848 2874 942 2952 Nam
975 2871 1173 2967 Cynthiam
1203 2897 1280 2946 raro
1314 2890 1461 2972 poetam

232 2995 421 3069 admisisse
443 2996 500 3080 ΙΙΙ,
522 3017 625 3090 21‚.7
647 3010 807 3078 testatur,
830 3011 864 3066 et
890 2994 1153 3069 observatione·
1170 2997 1325 3094 dignum
1350 2997 1459 3070 estin

233 3119 314 3192 loco
341 3121 405 3216 qui
432 3134 485 3190 est
510 3118 572 3202 ΙΙΙ,
595 3140 653 3207 23,
678 3136 719 3207 5,
746 3116 808 3218 ubi
836 3135 941 3214 poeta
969 3117 1013 3190 de
1040 3116 1117 3191 suis
1143 3118 1284 3192 tabellis
1312 3115 1475 3215 perditis·

233 3244 395 3338 queritur
492 3281 493 3286 ,

417 3431 490 3504 Illae
520 3435 592 3504 iam
619 3432 697 3504 'sine
725 3417 782 3504 me
811 3448 941 3505 norant
967 3433 1104 3530 placare
1130 3434 1279 3530 puellas,
1327 3427 1353 3456 ⁹

232 3636 270 3706 in
299 3634 454 3707 lectione
476 3634 605 3729 puellas
631 3633 751 3707 bonos
774 3634 886 3708 libros
911 3638 1126 3721 consentire,
1158 3652 1192 3707 et
1222 3634 1321 3708 solos
1348 3634 1460 3708 Italos

233 3757 428 3858 lectionem
451 3756 596 3851 puellam
623 3755 788 3851 praebere.

282 3879 378 3960 Quae
398 3880 428 3950 si
447 3880 572 3950 omnia
604 3880 680 3950 iure
710 3881 827 3975 posita
860 3896 957 3963 sunt,
989 3879 1095 3950 nobis
1124 3878 1365 3975 quaerendum
1392 3879 1460 3950 erit

233 4026 296 4074 cur
321 4003 358 4073 in
382 3999 495 4099 elegia
508 4019 563 4093 '24
579 4019 686 4097 poeta
709 4000 879 4096 Cynthiae
902 4001 1118 4086 valedixerit,
1137 4019 1171 4074 et
1188 4018 1272 4098 post
1291 4003 1459 4098 quinque

232 4148 350 4196 annos
379 4125 508 4221 iugum
535 4125 606 4196 iarn
634 4125 723 4196 mite
748 4125 884 4196 factum
905 4149 1031 4196 exuere
1053 4122 1219 4196 voluerit.
1243 4129 1339 4198 Puto
1365 4123 1462 4216 Cyn-

232 4246 357 4331 thiam‚
392 4269 477 4318 cum
508 4246 731 4343 frigidiorem
765 4264 909 4342 poetam
951 4263 1043 4318 esset
1078 4264 1229 4343 experta,
1262 4249 1457 4342 antiquum

232 4370 427 4466 imperium
456 4393 636 4442 resumere
665 4369 852 4454 voluisse3
880 4369 986 4441 illum
1015 4394 1116 4453 vero,
1153 4372 1223 4441 iam
1252 4371 1309 4442 sui
1342 4370 1460 4465 magis

233 4510 442 4587 compotem
478 4508 514 4563 et
546 4492 589 4563 ad
618 4492 867 4577 alioversum,
898 4517 1025 4588 parum
1050 4492 1190 4564 urbano
1217 4491 1330 4563 modo
1357 4492 1388 4562 ei
1419 4493 1457 4561 in
