3398 5468
748 614 941 683 -„.„

231 779 370 854 multos
395 781 430 852 in
463 778 529 850 hac
558 778 765 872 Cynthiana
791 777 922 851 militia
951 778 1159 873 Propertius
1184 777 1457 852 commilitones

189 953 191 958 -
231 901 370 992 habuit,
395 903 457 998 qui
484 903 639 974 victores
665 917 855 975 evaserunt
872 924 1027 997 ;·neque
1057 925 1161 972 causa
1191 917 1254 986 est,
1283 926 1345 973 cur
1373 926 1456 974 cum

231 1025 440 1098 Baehrensio
467 1024 626 1121 (Proleg.
655 1025 817 1119 XLVIII)
846 1023 1029 1097 Panthum
1061 1040 1096 1098 et
1123 1039 1312 1120 praetorem
1340 1049 1458 1097 unum
1518 1034 1520 1038 ‘

232 1163 267 1220 et
293 1147 452 1219 eundern
478 1147 590 1219 fuisse
618 1146 815 1219 credamus.
844 1147 918 1218 Nec
946 1145 1016 1231 ille,
1046 1148 1108 1242 qui
1133 1147 1275 1231 vicerat,
1302 1144 1365 1218 diu
1392 1148 1461 1225 vic·

232 1271 323 1342 toria
349 1268 419 1341 frui
447 1284 585 1365 poterat
610 1269 671 1363 (II,
693 1291 725 1360 9,
748 1290 801 1341 r·2
820 1293 830 1340 .·

332 1486 402 1557 Iste
427 1485 526 1580 quod
550 1501 613 1570 est,
642 1509 710 1581 ego
738 1507 832 1580 saepe
858 1483 931 1568 fui3
959 1483 1021 1566 sed
1047 1483 1122 1559 fors
1149 1485 1248 1555 etin
1275 1482 1364 1556 hora

430 1609 509 1679 Hoc
536 1609 616 1703 ipso
643 1609 757 1679 eiecto
785 1607 897 1679 carior
923 1605 1011 1678 alter
1036 1607 1134 1700 erit.)
1244 1602 1246 1609 ’

234 1827 352 1899 Avida
370 1827 441 1899 fuit
460 1828 536 1922 (III,
562 1850 614 1918 13,
640 1851 672 1910 1,
694 1825 809 1899 avidis
829 1824 989 1921 puellis).
1010 1826 1113 1899 Auro
1140 1850 1177 1899 se
1203 1826 1382 1899 vendebat
1401 1828 1463 1923 (II,

239 1955 292 2036 16,
318 1975 360 2023 12

432 2164 812 2259 Semperamatorum
841 2161 1017 2259 ponderat
1045 2188 1117 2239 una
1144 2164 1247 2236 sinus

602 2321 699 2415 [Una
724 2321 807 2406 NF,
836 2319 897 2392 illa
922 2321 1052 2417 DV]).

236 2538 429 2609 Amatores
453 2553 565 2609 noctu
585 2537 687 2610 dorni
710 2537 901 2633 recipiebat
922 2554 962 2609 ut
978 2561 996 2609 e
1011 2539 1035 2621 I,
1060 2559 1074 2626 3
1098 2555 1252 2635 apparet,
1273 2538 1336 2610 ubi
1363 2557 1470 2635 poeta

237 2675 344 2732 nocte
372 2641 539 2755 provecta
561 2658 661 2731 Illam
682 2661 814 2744 visitat,
839 2676 874 2731 et
894 2684 912 2732 e
932 2660 973 2745 II,
993 2682 1049 2751 29,
1071 2685 1090 2733 2
1093 2684 1127 2754 3,
1148 2660 1210 2733 ubi
1231 2678 1346 2758 poeta,
1368 2660 1470 2734 illam

237 2808 313 2857 non
335 2783 452 2856 solam
472 2784 654 2879 qulevisse
681 2784 885 2880 suspicans,
911 2785 987 2879 ipse
1007 2785 1226 2880 superuenit.
1254 2786 1341 2857 Eius
1362 2786 1471 2857 ianua

238 2907 473 3003 conqueritur
518 2931 554 2978 se
598 2906 753 2978 infames
791 2905 953 2980 dominae
993 2926 1118 2980 noctes
1162 2932 1237 2979 non
1280 2907 1470 2981 defendere

237 3054 344 3126 posse
371 3032 416 3125 (l,
448 3033 502 3115 16,
538 3054 578 3124 93
606 3031 786 3102 credimus
813 3032 912 3103 enim
942 3031 1090 3102 ianuam
1117 3031 1336 3124 Cynthianae
1369 3031 1471 3104 domi

239 3152 371 3249 loqui).
403 3152 499 3224 Ante
526 3154 604 3224 eius
628 3153 801 3225 fenestras
835 3154 918 3225 rixae
950 3155 1118 3226 oriuntur
1140 3155 1199 3248 (II,
1220 3177 1273 3246 19,
1292 3157 1345 3249 5).
1378 3153 1473 3227 Tota

238 3277 355 3350 Roma
395 3277 507 3348 fertur
541 3292 576 3347 et
618 3300 693 3347 non
727 3277 852 3372 ignota
897 3278 1059 3371 nequitia
1091 3278 1182 3349 vivit
1213 3279 1271 3372 (II,
1310 3302 1339 3374 5,
1377 3281 1470 3373 1·2);

240 3398 346 3471 famae
377 3422 565 3470 murmura
599 3400 805 3470 contemnit
834 3398 990 3494 (ibidu.
1025 3402 1099 3494 29).
1134 3400 1274 3485 Laidos,
1296 3401 1470 3486 Thaidos,

241 3521 402 3615 Phrynes
452 3522 605 3619 vestigia
654 3522 795 3617 premit,
853 3520 990 3593 undam
1040 3539 1245 3595 amatorum
1296 3525 1473 3621 recipiens

241 3644 301 3739 (II,
324 3646 356 3728 6,
387 3645 473 3738 1-6).
508 3645 614 3726 Lenae
645 3645 850 3752 ministerio
880 3644 995 3716 utitur
1021 3645 1099 3737 (IV,
1128 3668 1165 3740 53
1197 3670 1271 3718 non
1300 3648 1400 3718 enim
1434 3648 1472 3718 in

242 3791 333 3851 eam,
369 3766 412 3838 de
446 3791 518 3862 qua
553 3767 622 3838 hoc
658 3766 738 3838 loco
776 3768 903 3864 agitur,
940 3766 1058 3839 lenam
1092 3784 1198 3864 poeta
1229 3768 1472 3855 inveheretur,

243 3890 313 3961 nisi
340 3888 383 3960 ab
408 3887 468 3960 illa
490 3888 645 3984 plurima
665 3888 733 3961 sibi
764 3887 857 3960 mala
885 3904 962 3960 orta
982 3891 1131 3983 essent).
1152 3891 1192 3961 In
1219 3891 1306 3986 ipsis
1327 3881 1474 3988 templis
1527 3977 1543 3987 f

241 4027 362 4106 peccat
388 4012 435 4095 H,
473 4033 530 4103 19,
561 4035 628 4083 10:
661 4012 828 4105 Fanaque
858 4012 1010 4107 peccatis
1043 4010 1199 4107 plurima
1235 4036 1339 4085 causa
1370 4015 1472 4110 tuis).

241 4132 343 4206 Ultra
371 4132 610 4230 progreditur,
639 4134 698 4219 IV,
723 4156 754 4226 7,
784 4157 914 4228 rozo:

367 4352 468 4448 Saepe
487 4352 614 4424 Venus
636 4353 744 4424 trivio
766 4355 962 4425 commissa
982 4370 1047 4440 est,
1071 4370 1214 4449 pectore
1236 4356 1350 4426 mixto

507 4475 685 4548 fecerunt
705 4475 843 4571 tepidas
864 4474 971 4572 pallia
992 4492 1114 4549 nostra
1134 4477 1209 4548 vias
