3398 5468
810 599 1006 669 ..74-

292 771 391 843 ribus
411 771 597 865 Propertio
625 770 759 842 Graecis
786 771 994 843 auctoribus
1016 771 1099 843 talia
1121 790 1335 869 argumenta
1355 773 1524 870 desump-

294 895 383 964 sisse
407 891 536 985 (Mall,
559 915 590 985 p.
616 893 687 986 56).
1003 977 1004 980 Ἴ

342 1025 417 1096 Iam
443 1025 480 1095 in
507 1025 625 1120 primo
650 1022 742 1096 libro
770 1023 826 1096 hae
853 1041 940 1095 sunt
968 1023 1091 1120 elegiae
1118 1025 1252 1120 quibus
1280 1024 1524 1097 Alexandrina
1623 1055 1624 1058 ¹

294 1148 396 1242 origo
425 1145 535 1217 tribui
563 1161 703 1241 potest:
726 1169 763 1229 2,
789 1145 851 1217 ubi
879 1162 985 1241 poeta
1008 1147 1198 1218 dominam
1221 1164 1298 1218 orat
1325 1172 1369 1218 ne
1406 1149 1524 1219 nimio

293 1268 395 1340 cultu
419 1270 576 1339 nativam
599 1266 910 1363 pulchritudinem
938 1267 1059 1363 perdat
1080 1267 1208 1362 (Mall,
1230 1292 1263 1363 p.
1293 1270 1375 1363 33);
1400 1290 1431 1357 3,
1460 1269 1524 1342 ubi

293 1407 399 1486 poeta
423 1389 544 1461 ebrius
571 1388 614 1460 ad
639 1388 808 1482 Cynthiae
832 1389 1048 1461 dormientis
1072 1391 1204 1462 lectum
1232 1391 1367 1463 accedit
1390 1390 1522 1486 (Mali,

254 1581 256 1586 .
294 1538 325 1608 p.
345 1515 430 1607 40);
456 1517 509 1596 16,
527 1511 589 1583 ubi
604 1514 712 1583 ianua
727 1510 770 1582 de
785 1510 946 1584 dominae
962 1512 1057 1606 turpi
1073 1513 1146 1582 vita
1160 1514 1322 1607 queritur
1335 1529 1369 1584 et
1384 1529 1525 1586 amator

293 1635 463 1706 duritiem
481 1634 611 1729 puellae
627 1651 753 1705 amatae
767 1633 914 1706 fletibus
930 1635 1071 1705 vincere
1085 1649 1237 1706 conatur
1248 1633 1352 1728 (talia
1366 1637 1525 1706 carmina

293 1760 559 1854 eapazlaoellupa
578 1755 809 1840 vocabantur,
825 1755 936 1840 Mall,
947 1782 979 1852 p.
996 1759 1080 1851 44);
1103 1779 1156 1848 17,
1171 1757 1233 1828 ubi
1250 1742 1366 1852 poeta,
1387 1759 1424 1828 in
1438 1782 1525 1829 vero

293 1878 350 1951 vel
383 1881 469 1951 ficto
504 1881 648 1964 iinere,
676 1904 713 1950 se
743 1880 864 1974 ipsum
896 1881 1037 1950 incusat
1068 1880 1167 1974 quod
1208 1879 1367 1975 puellam
1400 1881 1525 1976 fugere

294 2002 473 2097 potuerit,
499 2005 552 2085 18,
567 2001 630 2072 ubi
646 2017 785 2072 amator
801 2000 1010 2096 repudiatus
1029 2003 1066 2071 in
1086 2000 1261 2072 silvarum
1283 2001 1525 2073 solitudinem

293 2121 425 2194 recedit
438 2121 567 2216 (Mall,
580 2147 613 2216 p.
631 2124 714 2215 46);
736 2144 788 2212 19,
805 2121 867 2193 ubi
877 2138 983 2218 poeta
993 2123 1291 2194 vereturneforte
1304 2148 1393 2195 suus
1404 2123 1526 2218 pulvis

294 2270 415 2316 amore
428 2243 558 2340 puellae
573 2261 673 2315 vacet
684 2244 785 2338 (vide
801 2246 943 2340 supra);
962 2266 1019 2329 20,
1035 2244 1097 2315 ubi
1112 2245 1154 2316 de
1169 2244 1262 2337 Hyla
1275 2248 1410 2342 agitur3
1424 2247 1525 2341 quod

293 2384 552 2464 argumentum
577 2381 596 2437 a
618 2366 815 2438 Theocrito
840 2367 921 2460 (ld.‚
952 2368 1014 2461 13)
1037 2385 1071 2438 et
1091 2367 1294 2463 Apollonio
1316 2367 1463 2442 Rhodio
1495 2392 1524 2455 1,

215 2469 216 2472 Ἴ
298 2510 497 2580 1207-1272
519 2488 633 2558 fuerat
648 2502 849 2571 tractatum,
868 2488 1035 2582 quamvis
1054 2489 1260 2583 Propertius
1277 2473 1527 2561 narratiuncuss

296 2609 378 2695 lam,
401 2635 472 2705 qua
491 2610 592 2680 Zetes
609 2625 644 2680 et
664 2609 782 2680 Calais
800 2609 1036 2694 inducuntur,
1059 2609 1244 2682 addiderit.
1265 2613 1393 2707 Neque
1414 2636 1453 2684 ea
1475 2613 1526 2684 sic

294 2735 405 2828 accipi
421 2732 530 2803 velim
547 2747 587 2802 ut
604 2756 661 2802 me
677 2731 792 2802 dicere
805 2747 911 2827 putes
926 2733 1156 2826 Propertium
1169 2735 1294 2805 omnia
1310 2733 1353 2806 ab
1368 2733 1528 2806 Alexan-

295 2853 409 2925 drinis
425 2853 703 2949 deprompsisse.
722 2853 867 2947 Opinor
884 2869 1030 2923 tantum
1050 2837 1189 2924 eumin
1211 2855 1315 2928 variis
1330 2879 1404 2927 suae
1421 2880 1526 2927 ama-

295 2978 396 3048 toriae
429 2977 513 3047 vitae
553 2974 834 3045 condicionibus
871 2973 1203 3047 Alexandrinorum
1245 3000 1409 3071 operum,
1444 3001 1526 3072 quae

295 3077 428 3169 similia
452 3113 651 3180 tractarent,
684 3121 759 3167 non
783 3096 895 3167 fuisse
916 3097 1184 3181 immemorem,
1213 3113 1248 3168 et
1269 3097 1319 3169 ibi
1346 3098 1528 3195 exemplar

295 3218 481 3315 quoddam
509 3217 552 3289 ad
587 3243 689 3290 suam
722 3220 907 3289 materiam
932 3217 1151 3289 tractandam
1184 3220 1380 3299 invenisse,
1420 3238 1460 3292 ut
1488 3222 1527 3292 in

295 3344 374 3414 eius
394 3341 519 3438 elegiis
542 3366 620 3437 pars
641 3342 780 3424 veritas
803 3365 881 3435 pars
901 3357 1161 3412 ornamentum
1177 3358 1279 3414 esset.

343 3477 384 3545 ln
401 3473 562 3546 secundo
578 3472 669 3545 libro
686 3475 868 3544 minorem
884 3497 1079 3544 numerum
1097 3475 1300 3545 carminum
1314 3475 1528 3547 invenimus

269 3636 272 3641 ⁴
295 3622 376 3693 quae
392 3596 674 3668 Alexandrinam
688 3597 934 3667 imitationem
955 3595 1150 3666 redoleant.
1167 3597 1374 3680 Haecsunt:
1394 3619 1447 3680 12,
1464 3597 1527 3670 ubi

295 3737 401 3816 poeta
422 3720 599 3790 Amorem
628 3700 802 3814 depingit,
829 3719 997 3811 quamvis
1020 3718 1210 3813 posteriori
1233 3734 1330 3813 parte
1353 3720 1397 3791 ad
1422 3745 1527 3791 suam

296 3842 494 3935 Cynthiam
524 3841 642 3912 redeat
670 3839 799 3935 (Mart,
826 3864 858 3935 p.
877 3842 966 3933 47);
1000 3862 1057 3930 29,
1088 3839 1149 3911 ubi
1177 3857 1281 3934 poeta
1310 3866 1328 3913 e
1355 3843 1527 3915 convivio

295 3965 436 4037 rediens
452 3966 635 4036 Amorum
652 3963 766 4035 turbae
786 3964 940 4034 minutae
956 3964 1110 4033 occurrit
1125 3963 1390 4055 (imitationem
1402 3981 1526 4037 tamen

295 4088 578 4159 Alexandrinam
596 4086 646 4157 ibi
674 4086 755 4182 plus
782 4087 962 4156 sentimus
989 4109 1099 4179 quam
1126 4084 1374 4158 demonstrare
1401 4112 1529 4182 possu-

296 4233 390 4291 mus,
407 4209 478 4278 vid.
499 4207 610 4291 Mall,
628 4232 660 4302 p.
681 4208 766 4299 38),
787 4228 842 4297 30,
858 4208 895 4276 in
918 4205 982 4276 hac
1000 4231 1149 4301 quoque
1170 4224 1293 4278 vexata
1314 4206 1428 4303 elegia
1448 4209 1529 4279 imi-

294 4332 472 4400 tationem
489 4332 605 4426 magis
622 4330 811 4425 suspiceris
827 4353 937 4422 quam
954 4328 1192 4400 demonstres

344 4465 385 4535 ln
407 4466 513 4535 tertio
534 4463 625 4535 libro
649 4463 901 4535 Alexandrinae
922 4464 1118 4534 imitationi
1146 4464 1389 4537 adscribendae
1416 4482 1504 4537 suut
1521 4454 1549 4538 ;ν

573 4583 583 4613 t
