3398 5468
836 564 1031 632 ..83...

317 745 357 829 ΙΙ,
377 746 426 837 6).
440 744 627 816 Palmerus
648 770 797 841 quoque
813 749 849 817 in
864 771 929 818 sua
947 748 1107 819 editione
1125 747 1316 842 (londinii
1334 767 1368 821 et
1380 750 1546 837 Dublini‚

321 869 431 960 1880)
446 869 629 962 ceteroqui
643 866 746 939 valde
767 867 955 953 laudanda,
976 871 1110 966 quippe
1126 894 1208 965 quae
1223 871 1267 943 ad
1281 871 1392 944 fidem
1408 874 1547 970 Neapo-

316 989 417 1060 litani
448 990 605 1087 plurima
633 992 773 1088 egregie
801 993 1004 1078 restituerit,
1032 991 1095 1064 has
1125 993 1325 1066 divisiones
1354 997 1481 1068 maiori
1503 1022 1546 1069 ex

315 1128 412 1208 parte
444 1113 554 1184 reicit.
587 1115 641 1184 De
669 1114 748 1185 8in
771 1113 859 1185 duas
887 1113 1019 1210 elegias
1045 1115 1160 1187 divisa
1181 1115 1274 1187 nihil
1303 1117 1433 1203 dicam‚'
1460 1143 1545 1190 cum

313 1236 421 1306 etiam
437 1251 520 1330 post
532 1236 752 1308 divisionem
764 1235 920 1332 plurima
931 1229 1085 1315 obscura
1099 1255 1133 1310 et
1147 1239 1310 1311 intricata
1323 1242 1544 1313 remaneant.¹

318 1381 354 1449 13
381 1375 415 1429 et
437 1363 491 1429 28²
513 1383 574 1454 per
600 1357 734 1431 litteras
750 1375 896 1431 tantum
922 1359 1137 1439 dividendae,
1153 1378 1250 1444 sunt,
1278 1387 1400 1458 neque
1423 1363 1546 1459 plures

312 1479 436 1577 elegiae
455 1480 738 1566 constituendae3
757 1490 841 1553 nam
859 1481 903 1553 de
919 1482 991 1554 illis
1007 1482 1076 1554 dici
1098 1499 1218 1578 potest
1233 1483 1333 1579 quod
1349 1484 1543 1557 Plessisius

310 1604 579 1699 (Propertiana)
601 1604 684 1689 del,
702 1608 722 1676 8
738 1603 837 1675 dixit.
855 1606 1001 1675 Etenim
1018 1621 1088 1676 tres
1104 1621 1230 1701 partes,
1248 1608 1285 1676 in
1313 1631 1402 1701 quas
1427 1632 1446 1678 a
1471 1605 1561 1702 ple-¹

310 1727 431 1821 risque
469 1743 632 1798 reseratae
662 1743 759 1809 sunt,
791 1725 915 1821 aliquo
950 1727 1062 1798 modo
1093 1730 1187 1799 inter
1215 1752 1252 1799 se
1284 1727 1477 1813 cohaerent,
1507 1745 1543 1799 et

310 1851 426 1946 magis
440 1851 534 1921 varia
552 1851 662 1921 unius
679 1849 828 1922 affectus
845 1867 1033 1922 momenta
1049 1874 1158 1946 quam
1173 1852 1259 1921 varii
1276 1851 1426 1923 affectus
1442 1868 1541 1936 sunt,

310 1988 350 2042 ut
366 1996 457 2044 verae
473 1970 626 2068 trilogiae
646 1973 729 2056 sint,
751 1973 843 2043 sicut
861 1972 988 2044 Ottius
1007 1971 1050 2044 de
1066 1975 1111 2043 28
1129 1989 1273 2044 tantum
1290 1971 1380 2044 dixit
1394 1975 1447 2068 (p.
1466 1975 1540 2066 14).

309 2096 402 2166 Nam
425 2096 463 2165 in
492 2115 544 2183 13,
567 2095 680 2166 modo
705 2119 830 2166 versus
859 2098 965 2186 15-16
993 2097 1204 2179 removeris,
1228 2095 1336 2167 altera
1360 2121 1439 2191 pars
1462 2098 1543 2191 (17-

308 2221 374 2312 42)
403 2218 565 2289 medium
600 2218 676 2288 iure
704 2219 797 2288 inter
817 2218 971 2312 primam
1001 2235 1035 2289 et
1062 2219 1204 2289 tertiam
1232 2217 1356 2290 locum
1383 2217 1538 2303 obtinet,

308 2341 442 2436 quippe
486 2364 566 2436 quae
612 2364 717 2411 versu
752 2357 879 2411 vexato
916 2361 958 2432 25
988 2342 1061 2435 (sat
1102 2365 1196 2423 mea,
1235 2359 1287 2413 sat
1325 2365 1455 2437 magna
1487 2357 1542 2413 est

308 2464 337 2534 si
364 2479 435 2535 tres
460 2465 534 2534 sint
550 2488 684 2559 pompa
709 2462 840 2557 libelli)
859 2465 1012 2558 primam
1040 2480 1187 2559 partem,
1213 2464 1249 2534 in
1271 2489 1342 2559 qua
1361 2464 1404 2535 de
1423 2464 1541 2536 doctae

308 2586 476 2680 Cynthiae
497 2587 596 2682 puris
623 2586 771 2659 auribus
801 2589 928 2683 agitur,
959 2588 995 2657 in
1025 2589 1241 2658 memoriam
1270 2604 1422 2670 revocet,
1449 2602 1484 2657 et
1500 2588 1538 2657 in

307 2710 419 2781 tertiae
440 2711 548 2804 partis
566 2711 702 2782 maestis
723 2711 915 2782 sententiis
940 2726 1067 2804 aptum
1089 2709 1404 2805 complementum
1424 2710 1537 2780 iussis

305 2831 348 2902 ad
365 2857 539 2928 pompam
554 2848 671 2928 poetae
688 2832 965 2927 pertinentibus
981 2857 1023 2903 ex
1043 2831 1176 2926 quibus
1194 2848 1346 2915 constet,
1363 2832 1538 2902 inveniat.

304 2955 397 3026 Item
420 2957 457 3026 in
481 2958 526 3026 28
542 2957 608 3026 tria
627 2971 825 3040 momenta,
844 2979 920 3025 non
937 2971 1007 3026 tres
1024 2954 1155 3050 elegias
1169 2953 1357 3024 habemus.
1374 2955 1427 3024 De
1447 2951 1542 3024 vale-

305 3078 435 3150 tudine
467 3078 637 3172 Cynthiae
670 3078 806 3174 ubique
834 3079 961 3173 agitur.
992 3079 1076 3148 Haec
1114 3093 1166 3149 est
1204 3078 1297 3147 inter
1325 3091 1395 3146 tres
1422 3091 1541 3170 partes

304 3198 516 3286 differentia,
535 3199 635 3296 quod
651 3202 689 3271 in
707 3202 822 3296 prima
837 3201 959 3294 (1-34)
974 3217 1080 3293 poeta
1097 3223 1220 3270 causas
1237 3196 1354 3269 morbi
1376 3198 1537 3293 requirit,

307 3322 466 3420 puellam
496 3339 623 3395 monet
651 3340 685 3394 et
711 3322 859 3409 solatur,
881 3324 918 3392 in
940 3322 1047 3393 altera
1061 3338 1218 3393 extrema
1238 3323 1352 3404 timet,
1371 3321 1408 3390 in
1430 3322 1536 3392 tertia

304 3446 348 3518 de
364 3446 484 3542 puella
499 3462 636 3517 servata
650 3445 792 3541 gaudet,
815 3461 854 3516 ut
875 3447 951 3516 iure
980 3445 1111 3516 coicias
1131 3461 1247 3515 totam
1269 3441 1422 3538 elegiam
1453 3460 1539 3538 post

303 3586 478 3641 servatam
507 3568 657 3640 demum
688 3567 886 3660 Cynthium
913 3592 932 3637 a
959 3584 1065 3662 poeta
1091 3567 1203 3638 fuisse
1231 3567 1410 3660 scriptam,
1438 3566 1537 3635 varia

302 3682 528 3788 aegritudinis
554 3689 724 3784 Cynthiae
745 3706 934 3761 momenta
950 3705 1148 3762 contuente
1164 3687 1274 3784 (Vide
1291 3688 1333 3760 G.
1360 3687 1403 3759 G.
1429 3688 1537 3760 Ram·

302 3840 441 3908 sayum‚
472 3814 672 3886 Selections
702 3813 797 3884 from
821 3811 994 3885 Tibullus
1020 3811 1089 3884 and
1114 3812 1333 3906 Propertius,
1376 3808 1530 3894 Oxford‚

306 3941 407 4029 1887,
427 3953 541 4021 notes,
560 3961 592 4032 p.
612 3938 711 4030 248).

352 4085 499 4156 Certum
532 4101 585 4156 est
614 4085 724 4179 igitur
753 4084 817 4155 has
845 4085 1045 4154 divisiones
1074 4084 1317 4153 recentiorum
1348 4078 1532 4151 editorum

304 4207 494 4279 nonnullis
526 4207 616 4278 locis
645 4231 721 4279 esse
756 4205 999 4301 recipiendas3
1032 4202 1206 4299 quasdam
1242 4218 1362 4274 tamen
1399 4200 1533 4298 elegias

302 4346 417 4424 partes
441 4348 585 4402 tantum
604 4332 729 4413 varias
752 4330 812 4401 sed
843 4353 918 4399 non
945 4329 1058 4400 varias
1085 4327 1215 4423 elegias
1244 4327 1281 4396 in
1314 4349 1351 4398 se
1381 4323 1530 4410 habere;

301 4453 365 4525 has
381 4471 496 4550 partes
509 4456 619 4551 igitur
631 4454 737 4524 variis
754 4450 923 4523 litterulis
936 4450 1115 4547 designari
1126 4473 1243 4545 posse,
1259 4447 1320 4519 sed
1336 4446 1400 4531 has
1413 4461 1532 4543 partes
