3398 5468
689 581 884 649 ..91-

173 750 208 818 in
251 745 588 818 vehementioribus
648 746 761 817 animi
807 744 995 818 affectibus
1047 746 1181 816 minori
1227 760 1299 816 arte
1338 743 1402 815 has

174 868 306 965 elegias
340 847 603 964 composuisse.
644 869 721 939 Hos
758 869 855 940 enirn
906 869 1168 939 sententiarum
1209 867 1403 938 solutiores

176 1016 289 1064 nexus
308 993 345 1063 in
368 994 411 1063 iis
432 994 469 1062 in
497 993 623 1087 primis
641 990 766 1087 elegiis
783 991 959 1074 invenies,
983 989 1116 1086 quibus
1133 991 1290 1062 maxime
1308 1013 1404 1060 com-

178 1130 322 1186 motum
344 1115 456 1186 fuisse
477 1130 622 1210 poetam
656 1112 817 1185 vidimus
842 1114 913 1206 (ex.
933 1138 965 1209 g.
988 1116 1009 1184 8
1033 1129 1067 1183 et
1086 1135 1118 1203 9,
1141 1111 1203 1184 ubi
1236 1111 1404 1184 exclusus

175 1234 218 1308 de
251 1252 365 1307 morte
393 1236 543 1332 cogitat,
572 1253 606 1307 et
638 1237 675 1306 in
705 1234 830 1331 elegiis
866 1235 937 1319 22b‚
960 1258 1024 1326 23,
1047 1257 1107 1324 24,
1127 1233 1190 1306 ubi
1210 1234 1340 1306 fatetur
1367 1257 1404 1305 se

175 1360 404 1455 desperatum
429 1358 519 1430 viles
536 1359 777 1454 quaesivisse).
795 1358 889 1430 Cum
921 1374 1045 1453 postea
1075 1357 1161 1429 huic
1189 1356 1405 1429 claudicanti

177 1483 286 1554 statui
313 1479 447 1552 librarii
469 1480 626 1553 medelas
642 1481 764 1552 afferre
778 1481 986 1565 voluerunt,
1015 1503 1090 1551 rem
1112 1480 1219 1551 etiam
1245 1480 1403 1576 peiorem

177 1606 391 1680 effecerunt.

224 1740 359 1834 ltaque,
377 1762 422 1810 ne
445 1762 513 1809 nos
536 1740 751 1810 recentiores
781 1737 1089 1832 frequentioribus
1121 1736 1406 1811 correctionibus

178 1863 215 1932 in
253 1862 410 1934 eundem
446 1885 600 1932 errorem
641 1860 889 1945 deveniamus,
926 1876 1215 1956 temperamento
1245 1859 1405 1955 quodam

179 1999 333 2055 utamur.
351 1984 418 2055 Eas
434 1999 579 2054 tantum
596 1984 836 2054 correctiones
866 1984 1091 2078 recipiamus
1119 2006 1201 2079 quae
1234 1981 1407 2078 quodam·

179 2104 290 2178 modo
320 2106 526 2177 necessariae
559 2121 657 2190 sunt,
695 2121 729 2176 et
764 2106 861 2177 vitiis
907 2105 1141 2190 subveniunt,
1185 2128 1267 2201 quae
1299 2105 1406 2176 alicui

178 2224 322 2298 librario
342 2227 460 2298 referri
477 2225 620 2298 debent.
641 2227 734 2298 Nam
752 2243 898 2322 poetam
915 2226 1067 2298 absurda
1088 2228 1282 2323 scripsisse,
1298 2228 1407 2298 etiam
1429 2297 1432 2301 ,

178 2351 215 2421 in
233 2374 380 2422 summa
393 2349 653 2445 desperatione,
669 2374 744 2420 non
759 2348 992 2421 credendum.
1007 2349 1076 2421 Sed
1094 2374 1149 2432 ne,
1164 2375 1183 2421 a
1199 2351 1408 2446 perfectiore

180 2474 286 2569 primi
315 2472 396 2544 libri
435 2473 704 2568 compositione
741 2472 1020 2568 proficiscentes,
1062 2472 1161 2544 hunc
1190 2474 1227 2543 in
1258 2475 1407 2546 secundi

180 2594 260 2666 libri
277 2595 402 2692 elegiis
418 2595 586 2667 ordinem
607 2611 762 2667 statuere
783 2594 952 2672 velimus,
974 2620 1083 2691 quern
1114 2595 1186 2667 illis
1207 2613 1311 2691 poeta
1332 2621 1407 2669 non

181 2716 327 2790 dederit.

228 2853 520 2948 Dispositionem
540 2852 735 2949 elegiarum
756 2854 850 2924 tertii
865 2868 900 2924 et
917 2853 1032 2948 quarti
1068 2850 1147 2923 libri
1178 2852 1410 2947 paucioribus
1462 2863 1464 2868 '

96 2962 99 2967 ⁵
181 2975 298 3048 verbis
317 2974 502 3047 absolvere
518 2973 649 3047 licebit.
665 2976 841 3047 Maturior
854 2976 971 3048 factus
984 2991 1088 3070 poeta
1104 2974 1268 3046 liberiore
1283 2975 1410 3047 ordine

183 3123 292 3194 quam
309 3100 346 3169 in
368 3099 487 3194 primo
502 3097 605 3184 libr0,
627 3096 751 3194 aliquo
769 3098 881 3169 modo
901 3097 1064 3170 scholam
1092 3097 1288 3183 redolente,
1323 3123 1410 3172 usus

183 3237 258 3305 est;
283 3244 406 3292 rursus
418 3219 611 3316 placidiore
628 3221 742 3291 animi
759 3236 854 3292 statu
873 3243 927 3292 res
943 3244 1066 3292 secum
1084 3219 1216 3292 melius
1232 3219 1411 3294 cohaererr·

184 3361 248 3429 tes,
268 3368 379 3439 quam
395 3345 432 3415 in
454 3344 627 3429 secundo,
648 3345 801 3440 scripsit.
826 3343 914 3416 Inde
941 3345 1077 3416 factum
1108 3360 1161 3416 est
1189 3360 1229 3416 ut
1257 3345 1412 3418 editores

185 3467 310 3562 minus
324 3468 360 3538 in
378 3465 435 3538 his
452 3463 551 3538 libris
575 3467 809 3539 restituendis
830 3465 1094 3539 desudaverint.
1115 3467 1220 3552 Nam,
1243 3468 1272 3540 si
1298 3469 1411 3540 varias

185 3588 415 3684 quorundam
435 3589 641 3674 verborum,
666 3613 747 3685 quae
768 3589 903 3685 ubique
925 3589 1019 3684 apud
1036 3590 1208 3684 antiquos
1223 3590 1412 3686 scriptores

185 3728 389 3796 occurrunt,
420 3711 594 3784 lectiones
633 3714 860 3797 omittamus,
895 3712 938 3784 de
970 3712 1166 3809 elegiarum
1200 3714 1294 3784 tertii
1332 3712 1411 3784 libri

187 3858 341 3907 numero
357 3835 428 3906 fere
453 3851 596 3907 constat
623 3834 718 3930 apud
739 3834 904 3907 editores.
930 3836 1073 3906 Etenim
1111 3859 1124 3907 1
1152 3852 1186 3907 et
1213 3858 1244 3920 2,
1267 3858 1348 3931 quae
1373 3837 1410 3907 in

186 3981 263 4030 uno
299 3974 515 4055 argumento
542 3974 739 4042 versantur,
774 3983 793 4030 a
825 3959 969 4030 Mureto
995 3975 1029 4030 et
1066 3958 1246 4055 Scaligero
1279 3961 1412 4032 iunctae

187 4097 283 4164 sunt,
310 4105 420 4176 quarn
451 4104 524 4152 rem
560 4081 666 4153 multi
707 4083 822 4153 nostri
862 4080 982 4153 saeculi
1010 4080 1165 4153 editores
1191 4098 1412 4176 receperunt,

186 4201 348 4286 Iacobus,
365 4201 758 4297 Hauptius·Vahlenus,
784 4204 820 4274 L.
845 4202 1054 4289 Muellerus,
1083 4202 1326 4287 Baehrensius,
1351 4204 1412 4276 sed

188 4348 263 4395 non
279 4323 545 4410 LachmannuS,
560 4325 811 4423 Hertzbergus,
824 4326 1019 4398 Palmerus.
1034 4328 1167 4398 Forsan
1182 4326 1241 4398 hic
1256 4325 1414 4398 litterula

187 4446 287 4542 (vide
317 4448 442 4543 supra)
475 4447 620 4520 duobus
647 4448 868 4521 carminibus
914 4447 1184 4545 distinguendis
1223 4449 1411 4521 sufficeret.
