3398 5468
731 1173 911 1254 carus
949 1175 965 1254 r
1003 1149 1005 1151 ’

815 1419 876 1427 ---

611 1755 697 1857 ur
752 1753 1080 1859 crurum

404 2145 562 2240 Cynthia
588 2161 622 2218 te
649 2161 768 2218 vatem
795 2146 889 2231 fecit,
912 2145 1041 2218 lascive
1068 2148 1263 2249 Properti⁸¹

282 2367 340 2438 Sic
359 2366 531 2438 Martialis
546 2368 643 2451 VIII,
664 2388 718 2460 73,
735 2388 769 2459 5.

281 2490 361 2585 Ipse
380 2491 589 2586 Propertius
608 2491 648 2574 II,
675 2513 703 2574 1,
725 2491 839 2585 4(⁴):

495 2711 689 2807 Ingenium
720 2709 826 2782 nobis
853 2711 930 2805 ipsa
957 2709 1077 2806 puella
1102 2713 1196 2782 facit.

280 2934 355 3004 Iam
379 2936 550 3005 omnium
570 2935 742 3030 primum,
759 2956 841 3030 quae
856 2933 963 3005 luerit
979 2956 1018 3003 ea
1044 2932 1214 3026 Cynthia,
1230 2935 1286 3006 cui
1315 2949 1463 3035 tantum·

234 3071 357 3128 noster
371 3057 543 3142 debuerit,
560 3058 741 3153 inquirere
757 3081 875 3152 operae
891 3057 1046 3153 pretium
1061 3071 1124 3140 est,
1142 3080 1226 3128 cum
1255 3058 1349 3129 inter
1363 3059 1460 3130 viros

233 3178 372 3263 doctos
392 3181 430 3250 in
452 3204 491 3251 ea
512 3181 716 3275 quaestione
748 3178 976 3262 desudantes,
996 3177 1092 3250 haud
1115 3203 1241 3273 parum
1272 3179 1458 3275 discrepet.

281 3302 338 3373 Ab
352 3303 396 3373 iis
407 3301 602 3388 ordiamur,
619 3325 701 3398 quae
716 3317 809 3374 certa
822 3317 919 3373 sunt.
930 3301 1085 3372 Constat
1099 3301 1257 3395 puellam
1270 3303 1458 3386 exstitisse,

233 3450 252 3497 a
285 3440 392 3521 poeta
418 3425 616 3518 Cynthiam
641 3427 881 3508 nominatam,
909 3449 1019 3520 quam
1048 3423 1108 3496 ille
1140 3427 1247 3496 unice
1276 3426 1458 3510 amaverit,

234 3550 401 3644 quamvis
417 3549 492 3643 ipse
511 3548 664 3620 fateatur
677 3572 714 3619 se
730 3564 765 3619 et
778 3546 865 3619 alias
878 3549 1099 3644 quaesivisse.

283 3672 404 3743 Huius
432 3669 601 3764 Cynthiae
628 3670 753 3744 vultus
784 3687 819 3742 et
856 3672 1015 3766 corporis
1058 3670 1278 3742 lineamenta
1308 3694 1326 3742 e
1355 3671 1461 3742 variis

233 3794 407 3888 Propertii
422 3791 511 3864 locis
528 3791 696 3890 colligere
715 3791 807 3865 licet.
823 3792 973 3865 Fulvam
989 3817 1132 3865 comam
1147 3792 1274 3864 habuit
1288 3793 1348 3887 (II,
1365 3815 1395 3876 2,
1407 3794 1461 3887 5),

268 4095 312 4164 (1)
327 4095 397 4148 Utor
406 4095 524 4148 numeris
539 4094 664 4148 editionis
679 4094 874 4148 Baehrensianae
892 4093 1011 4165 (Lipsiae,
1032 4095 1123 4164 1880),
1149 4096 1246 4167 quippe
1263 4113 1322 4167 quae
1336 4095 1462 4150 omnibus

232 4185 259 4236 in
274 4196 398 4254 promptu
413 4185 456 4248 sit,
470 4196 496 4236 et
511 4184 595 4254 magis
611 4201 673 4236 cunr
692 4183 799 4255 vulgata
810 4183 969 4237 numerandi
985 4184 1086 4236 ratione
1102 4185 1257 4246 consentiat,
1276 4201 1356 4256 quam
1371 4184 1462 4255 utique

232 4273 375 4326 tenendam
388 4290 493 4338 cense0,
510 4290 544 4326 ne
563 4273 664 4326 inutilis
683 4273 801 4343 scriptori
825 4274 885 4325 satis
907 4289 951 4343 per
964 4289 991 4325 se
1013 4271 1127 4326 obscuro
1147 4273 1291 4326 obscuritas
1312 4273 1460 4338 adiciatur3

233 4378 386 4433 quanquam
408 4361 543 4433 probabile
570 4374 618 4428 est,
636 4374 665 4415 ut
684 4361 751 4414 infra
780 4362 890 4427 dicetur,
914 4361 1117 4415 Laclrmannunr
1143 4363 1250 4433 propius
1262 4362 1293 4415 ad
1323 4362 1462 4416 veritatem

234 4469 379 4506 accessisse.
