3398 5468
240 751 406 828 apertum
421 733 603 818 habuisse,
619 736 682 830 qui
701 735 994 831 magnitudinem
1011 737 1143 808 luturae
1161 737 1347 809 Aeneidos
1368 739 1471 811 intel-

242 855 385 952 legeret,
402 874 437 927 et
455 856 555 928 hunc
576 874 707 928 notum
728 882 873 929 versum
891 858 1058 931 scriberet
1077 861 1118 943 ΙΙ,
1141 881 1196 949 34,
1217 863 1283 932 66:

484 1077 616 1148 Nescio
642 1077 730 1172 quid
759 1079 876 1149 maius
904 1081 1062 1150 nascitur
1085 1078 1205 1150 Iliade.

239 1294 393 1366 Constat
409 1297 517 1366 etiam
537 1295 772 1368 Maecenatem
795 1299 933 1393 ingenii
955 1298 1013 1368 sui
1032 1297 1231 1370 subtilitate
1250 1300 1471 1394 perspexisse

238 1418 465 1514 Propertium
496 1421 639 1515 magnis
665 1422 890 1516 argumentis
919 1446 994 1526 non
1023 1421 1100 1493 lore
1131 1424 1304 1517 imparem
1332 1424 1393 1516 (ll,
1427 1447 1469 1506 1;

238 1540 320 1611 vide
351 1565 499 1636 quoque
527 1543 601 1635 34),
630 1559 664 1613 et
695 1559 861 1614 nostrum
891 1567 930 1614 ea
958 1568 1032 1615 una
1058 1543 1102 1614 de
1128 1569 1233 1616 causa
1262 1545 1470 1616 Maecenatis

237 1663 401 1735 consiliis
430 1688 506 1734 nou
535 1664 850 1760 obtemperavisse,
877 1665 976 1760 quod
1005 1666 1040 1737 id
1069 1669 1245 1761 temporis
1271 1669 1307 1737 in
1335 1666 1469 1762 procel-

236 1786 324 1857 losis
352 1789 408 1858 sui
436 1788 570 1858 amoris
594 1785 768 1859 fluctibus
786 1789 993 1871 iactaretur;
1018 1788 1130 1860 semel
1155 1805 1276 1860 tamen
1306 1791 1342 1860 in
1370 1788 1468 1860 brevi

236 1907 389 1980 discidio
420 1907 463 1980 ad
498 1910 633 1981 maiora
665 1909 825 1987 canenda
860 1934 937 1981 esse
973 1911 1176 1981 accinctum
1206 1911 1272 2005 (ll,
1315 1932 1377 1995 103
1423 1932 1463 1999 31
1533 1974 1537 1981 .

236 2032 399 2124 omitto).
438 2031 506 2103 Sed
549 2033 586 2101 in
630 2033 736 2102 tertio
776 2031 880 2116 libr0,
910 2057 1033 2103 amore
1061 2049 1222 2115 nutante,
1254 2057 1466 2128 quanquam

236 2152 312 2246 ipse
341 2152 492 2224 declarat
524 2178 561 2225 se
590 2155 654 2225 uni
685 2151 851 2250 elegiacae
885 2156 986 2250 poesi
1007 2178 1085 2226 esse
1104 2154 1279 2226 idoneum
1295 2157 1332 2248 (3
1359 2171 1393 2226 et
1415 2157 1467 2246 9),

236 2291 466 2347 tamencum
495 2292 530 2347 et
559 2275 604 2347 de
632 2301 669 2348 se
701 2293 816 2371 poeta,
845 2294 880 2347 et
906 2276 950 2348 de
980 2276 1039 2347 illa
1068 2278 1145 2372 ipsa
1176 2275 1330 2372 elegiaca
1363 2279 1467 2372 poesi

236 2397 388 2493 superbe
419 2416 454 2470 et
487 2398 709 2471 sublimibus
742 2398 859 2470 verbis
889 2399 1053 2494 loquitur
1082 2400 1120 2491 (r
1157 2416 1192 2469 et
1229 2400 1280 2492 2),
1311 2415 1392 2470 tum
1427 2401 1467 2469 in

235 2520 400 2592 liberiore
432 2523 549 2616 spatio
578 2539 736 2619 vagatur.
768 2522 861 2593 Nam
890 2520 958 2592 sibi
977 2545 1058 2593 vere
1077 2523 1325 2593 Lucretianam
1346 2546 1468 2593 senec-

235 2660 351 2715 tutem
384 2644 540 2716 destinat
577 2665 606 2738 5,
635 2666 705 2735 25:

410 2865 508 2936 Tum
531 2864 621 2935 milri
645 2881 779 2937 naturae
800 2863 909 2936 libeat
928 2864 1126 2959 perdiscere
1146 2887 1287 2948 mores;

235 3111 321 3158 mox
341 3087 384 3158 ad
401 3087 604 3159 sedandum
623 3111 785 3158 amorem
806 3086 850 3158 de
869 3086 1066 3158 Platonicis
1085 3085 1216 3158 studiis
1235 3086 1369 3182 cogitat
1386 3086 1466 3177 (21,

235 3234 254 3281 2
257 3212 311 3304 5).
331 3211 408 3281 lam
429 3212 555 3281 omnia
576 3235 707 3307 magna
727 3209 782 3281 vel
810 3208 945 3281 flebilia
969 3211 1061 3303 aptis
1082 3207 1201 3279 modis
1222 3207 1468 3303 prosequitur.

234 3331 302 3402 Hic
322 3330 436 3403 Gallae
458 3333 657 3403 castitatem
678 3330 847 3403 laudibus
866 3330 1007 3402 extollit
1026 3333 1129 3425 (12);
1151 3329 1225 3401 illic
1249 3329 1355 3400 amici
1376 3329 1465 3400 Paeti

232 3454 288 3525 vel
317 3454 475 3526 Marcelli
514 3456 764 3528 Romanorum
796 3457 871 3549 spei
913 3455 1074 3549 praerepti
1115 3468 1231 3524 morte
1270 3450 1467 3523 vehemen-

232 3578 305 3647 tius
333 3593 501 3648 movetur
530 3594 564 3648 et
597 3594 731 3648 movet.
760 3578 835 3648 lam
866 3601 947 3647 vere
975 3577 1165 3650 Romanus
1203 3591 1311 3671 poeta
1354 3590 1389 3645 et
1426 3575 1468 3646 in

232 3699 387 3771 invisam
410 3700 638 3795 Cleopatram
651 3697 848 3770 ‘invehitur
871 3701 967 3793 (11),
984 3716 1019 3770 et
1047 3697 1187 3770 ltaliam
1215 3698 1340 3769 ceteris
1363 3698 1468 3769 terris

231 3824 421 3918 anteponit
446 3824 542 3916 (22),
578 3846 655 3893 acer
681 3839 715 3893 et
742 3820 1018 3919 grandiloquus,
1046 3823 1130 3892 Non
1159 3820 1305 3892 liberior
1338 3819 1465 3904 mod0‚

231 3946 293 4017 sed
322 3947 490 4017 maiorer
511 3946 655 4041 plenius
675 3947 814 4041 spirans
833 3946 947 4017 factus
969 3961 1040 4016 erat
1062 3961 1177 4040 poetae
1197 3945 1355 4027 animus
1378 3967 1464 4014 curn

232 4085 360 4165 quarto
388 4068 480 4140 libro
507 4067 685 4140 incubuit.
714 4068 818 4140 Certe
847 4070 883 4139 in
909 4068 1122 4162 antiquariis
1149 4065 1261 4139 huius
1284 4064 1366 4137 libri
1395 4089 1466 4136 car·

233 4190 395 4264 minibus
421 4193 564 4277 erravit3
595 4216 670 4262 non
707 4193 737 4262 is
762 4207 834 4263 erat
864 4194 926 4287 qui
953 4207 1089 4262 veteres
1117 4206 1154 4262 et
1181 4191 1291 4260 siccas
1321 4186 1464 4259 fabulas

233 4313 388 4386 versatili
425 4332 497 4386 arte
535 4337 703 4385 exornare
746 4329 867 4408 posset
904 4315 1045 4407 (tamen
1080 4314 1117 4383 in
1145 4312 1305 4407 Tarpeiae
1338 4333 1465 4381 amore

233 4437 398 4509 cauendo
419 4436 597 4533 elegiacus
616 4452 722 4531 poeta
742 4434 809 4506 sibi
831 4434 926 4506 haud
948 4434 1067 4531 dispar
1085 4435 1167 4519 fuit,
1183 4436 1234 4528 4).
1252 4432 1321 4505 Sed
1338 4433 1463 4528 ipsum
