3398 5468
707 519 902 609 ..67-

188 719 304 800 poeta,
331 703 373 774 in
397 727 433 775 se
467 705 588 798 ipsum
618 727 825 788 conversus
866 702 953 798 quid
985 704 1178 775 enarratis
1218 703 1320 774 factis
1348 702 1416 775 sibi

155 897 156 901 ,
189 825 324 899 defluat
348 826 519 911 ostendit,
549 841 590 898 ut
614 851 699 898 eum
731 826 844 898 modo
871 825 994 898 laetitia
1020 825 1157 898 elatum
1178 840 1213 898 et
1233 825 1413 911 inflatum,

189 947 302 1020 modo
332 973 480 1022 maerore
510 949 718 1020 confectum
749 963 784 1020 et
818 949 950 1020 futurae
988 950 1116 1020 mortis
1150 949 1414 1044 cogitationem

188 1088 392 1145 versantem
427 1071 616 1144 videamus
649 1088 656 1157 ;
688 1087 761 1155 aut,
799 1094 864 1144 sua
900 1095 984 1145 cunr
1018 1069 1174 1143 aliorum
1209 1086 1415 1144 amatorum

190 1193 406 1266 condicione
431 1191 570 1278 collata,
600 1216 652 1265 res
696 1193 830 1264 amoris
869 1193 906 1264 in
954 1192 1167 1264 universum
1208 1208 1414 1265 contuetur.
1494 1237 1496 1247 .

191 1315 247 1402 At,
284 1315 378 1389 dicet
416 1315 559 1412 aliquis,
612 1339 651 1387 ea
689 1339 765 1387 non
804 1315 981 1411 Propertii
1025 1311 1167 1411 propria
1209 1331 1306 1400 sunt,
1355 1315 1416 1388 sed

169 1440 390 1534 'unicuique
415 1438 572 1535 elegiaco
603 1454 720 1534 poetae
754 1439 992 1510 conveniunt.
1022 1438 1200 1524 Fatemur,
1227 1438 1289 1510 sed
1310 1437 1417 1510 nobis

192 1585 297 1659 supra
326 1562 593 1634 demonstrasse
623 1561 790 1633 videmur
818 1577 964 1657 poetam
985 1585 1050 1633 sua
1079 1561 1294 1634 condicione
1314 1585 1419 1657 pecu·

191 1684 266 1760 liari
299 1683 412 1756 modo
435 1684 556 1762 fuisse,
578 1683 841 1780 perturbatum,
868 1700 910 1756 ut
936 1707 1018 1756 vere
1044 1708 1155 1757 suum
1190 1686 1357 1757 animum
1379 1685 1416 1758 in

190 1810 348 1885 carmina
370 1807 543 1880 effudisse
563 1806 632 1879 dici
659 1809 784 1904 possit.
811 1808 908 1890 Quis
935 1807 1055 1894 lector,
1085 1807 1178 1881 hanc
1201 1824 1359 1881 veterem
1384 1824 1419 1882 et

191 1956 325 2004 novam
353 1929 508 2002 infelicis
534 1931 669 2002 amoris
699 1929 887 2003 historiam
914 1931 1098 2017 evolvens,
1123 1955 1199 2002 non
1227 1955 1312 2003 cum
1338 1933 1418 2026 ipso

190 2071 296 2151 poeta
319 2055 602 2126 commovetur?
625 2053 722 2135 Quis
737 2056 947 2129 Romanum
969 2070 1115 2150 poetam
1137 2053 1260 2151 legens
1282 2078 1356 2125 non
1380 2055 1417 2126 in

191 2178 269 2251 eius
294 2200 401 2273 opere
428 2175 568 2271 aliquas
591 2200 665 2248 suae
691 2175 748 2248 vel
774 2175 972 2272 aequalium
998 2178 1082 2249 vitae
1110 2175 1300 2273 particulas
1326 2177 1419 2250 vivis

191 2300 375 2373 coloribus
392 2299 549 2395 depictas
569 2297 833 2394 deprehendit?
850 2300 936 2371 Haec
960 2300 1096 2372 omnia
1110 2324 1190 2372 vera
1215 2315 1312 2385 sunt,
1334 2301 1420 2395 quia

190 2423 368 2507 humana,
391 2438 425 2494 et
452 2421 625 2493 humana
643 2422 728 2518 quia
754 2421 797 2494 ab
825 2421 978 2495 homine
1009 2424 1100 2519 ips0,
1130 2422 1166 2494 id
1194 2439 1247 2495 est
1270 2422 1313 2496 ab
1342 2424 1418 2494 imo

191 2546 270 2617 eius
289 2546 443 2641 pectoris
464 2568 605 2617 recessu
631 2539 839 2639 eruperunt.
861 2545 1054 2641 Originem
1071 2570 1157 2642 ergo
1176 2547 1418 2642 Propertianae

191 2693 344 2765 poeseos
372 2669 600 2764 Propertium
633 2670 762 2764 ipsum·
783 2668 1015 2754 declaramus,
1044 2686 1078 2742 et
1103 2686 1299 2765 antequam
1330 2670 1419 2766 quid

192 2815 266 2864 suae
286 2792 350 2864 arti
367 2790 531 2863 debuerit
550 2792 791 2886 inquiramus,
811 2790 901 2863 illud
918 2790 1056 2888 liquida
1071 2818 1159 2865 voce
1173 2794 1419 2889 profiteamur,
1481 2855 1483 2858 Α

193 2940 277 2988 eum
299 2912 392 2987 nulli
414 2914 528 3010 magis
549 2937 657 3009 quam
678 2912 746 2985 sibi
770 2912 948 2986 debuisse.

241 3057 347 3141 Haec,
374 3053 462 3139 sola,
499 3077 581 3149 quae
612 3054 783 3140 diximuS,
815 3079 947 3151 nempe
972 3055 1180 3151 aliquorum
1218 3073 1419 3130 eventuum

192 3177 312 3250 vivida
340 3178 505 3262 narratio,
537 3192 572 3248 et
601 3192 724 3248 motus
753 3178 878 3261 animi,
904 3178 967 3273 qui
996 3200 1038 3249 ex
1076 3176 1133 3250 his
1161 3177 1343 3263 defluunt,
1380 3196 1420 3252 ut

194 3317 300 3397 poeta
332 3300 445 3372 modo
473 3323 588 3383 suam,
616 3297 728 3371 modo
749 3300 920 3371 omnium
937 3301 1142 3373 amantium
1163 3301 1420 3374 condicionem

195 3423 357 3520 respiciat
388 3439 423 3495 et
451 3439 631 3519 queratur,
660 3420 752 3494 bene
780 3439 925 3495 tractata
949 3422 991 3495 ad
1013 3440 1158 3520 poetam
1188 3423 1420 3498 efficiendum

195 3547 280 3617 satis
307 3561 438 3617 essent.
468 3544 537 3617 Sed
573 3544 641 3617 alia
688 3561 784 3629 sunt,
828 3569 908 3641 quae
941 3543 1035 3640 apud
1064 3547 1292 3643 Propertium
1325 3549 1422 3620 inve-

196 3668 330 3740 nimus.
377 3669 552 3750 Primum,
593 3669 797 3763 ceteroqui'
819 3692 959 3739 morem
991 3666 1235 3764 plurimorum
1263 3686 1419 3754 secutus

174 3806 319 3863 utres
364 3788 496 3863 melius
535 3788 701 3874 illustret,
735 3814 793 3861 eas
821 3775 904 3862 cum
936 3790 993 3862 his
1031 3791 1148 3876 rebus,
1186 3816 1275 3887 quas
1314 3791 1421 3864 nobis

196 3922 323 3985 natur'a
355 3912 499 4009 praebet,
526 3911 724 4008 aliquando
755 3910 903 3984 confert.
927 3913 988 3984 Es.
1012 3939 1045 4010 g.
1067 3912 1110 3985 ad
1127 3915 1250 3986 amicae
1268 3913 1422 4009 pulchri-

195 4034 364 4108 tudinem
398 4034 649 4108 illustrandam
684 4033 806 4107 scribit
833 4035 874 4120 ΙΙ,
901 4055 1059 4123 3,11·12

392 4287 441 4359 Ut
468 4285 634 4357 Maeotica
661 4285 722 4355 nix
750 4286 866 4356 minio
894 4286 923 4356 si
958 4301 1068 4361 certet
1091 4284 1227 4358 Hibero

432 4408 555 4503 thue
584 4430 674 4479 rosae
701 4431 794 4503 puro
822 4405 910 4479 lacte
937 4423 1063 4481 natant
1091 4407 1186 4479 lolia.
1278 4449 1280 4456 ·
