3398 5468
750 570 944 619 ...21-

280 738 330 808 Ea
347 737 508 830 Lycinna
523 734 665 806 videtur
679 735 791 806 fuisse
815 759 888 806 una
912 759 931 806 e
949 735 1060 806 servis
1080 733 1259 828 Cynthiae,
1277 758 1358 829 quae
1370 721 1462 829 ⁸pos-

168 945 170 950 Α
232 861 354 943 terius,
383 838 660 941 invidia‘inota
695 880 787 942 earn,
821 873 912 928 teste
943 873 1058 953 poeta,
1088 856 1238 928 vexabat
1265 855 1352 951 (loc.
1372 857 1460 950 cit),

233 983 400 1078 quamvis
421 1006 440 1053 e
458 983 483 1066 Ι,
505 1005 534 1066 1,
553 980 767 1075 1(Cynthia
782 982 916 1076 prima)
931 982 1007 1053 iure
1023 979 1173 1077 colligas
1204 997 1350 1077 poetam
1379 980 1462 1076 plus

232 1105 271 1176 in
299 1128 339 1176 ea
368 1103 548 1183 lascivisse
582 1102 721 1198 (nullis
748 1103 866 1198 datis)
897 1128 1007 1199 quam
1047 1128 1166 1176 revera
1204 1103 1247 1175 ab
1284 1104 1463 1176 caluisse

232 1227 423 1298 irretitum.
442 1228 530 1298 Post
555 1225 660 1297 breve
687 1226 848 1320 spatium
867 1224 1143 1320 (Lachmannus
1171 1250 1290 1297 unum
1323 1250 1463 1297 annum

233 1349 286 1422 illi
307 1348 442 1422 foederi
464 1347 639 1432 concedit,
657 1347 884 1444 Herzbergus
910 1347 1126 1432 biennium;
1153 1346 1214 1420 sed
1242 1346 1286 1420 de
1320 1348 1466 1420 incertis

233 1471 365 1544 melius
381 1472 514 1566 tacere)
530 1494 630 1543 serva
646 1469 809 1567 neglecta
825 1470 1016 1542 dominam
1043 1471 1301 1543 formosiorem
1331 1469 1466 1554 dilexit,

234 1608 269 1664 et
286 1595 318 1665 ei
332 1594 447 1665 amori
463 1594 635 1677 inservire
651 1595 780 1690 coepit,
798 1617 873 1688 quo
890 1594 968 1665 eius
983 1595 1141 1665 carmina
1162 1592 1286 1665 referta
1306 1608 1402 1664 sunt.

283 1717 337 1788 De
350 1717 525 1812 temporis
542 1714 744 1801 intervallo,
766 1740 841 1811 quo
867 1716 1075 1812 Propertius
1106 1714 1304 1809 Cynthiam
1331 1715 1464 1799 arserit,

233 1842 327 1912 inter
343 1839 471 1912 doctos
492 1864 568 1912 non
585 1856 738 1912 constat.
753 1840 963 1936 Propertius
977 1838 1147 1932 Cynthiae
1163 1837 1367 1910 valedicens
1389 1837 1466 1910 haec

233 1964 292 2048 IV,
312 1987 368 2054 24,
386 1989 405 2035 2
408 1987 428 2056 3
448 1962 570 2035 scribit
600 1990 606 2034 :

406 2171 584 2265 Quinque
612 2169 677 2241 tibi
705 2170 808 2264 potui
837 2170 967 2241 servire
993 2168 1148 2240 fideliter
1173 2192 1302 2240 annos.

235 2379 314 2449 Hoc
335 2375 416 2449 solo
437 2400 553 2462 versu,
576 2379 694 2472 primo
707 2375 866 2471 quidem
886 2375 1030 2461 obtutu,
1053 2391 1129 2446 tota
1148 2376 1303 2470 quaestio
1323 2373 1466 2446 videtur

235 2498 416 2570 exhausta.
440 2498 601 2578 Quidam
631 2513 752 2569 tamen
783 2495 947 2569 oblocuti
974 2512 1072 2579 sunt,
1099 2495 1323 2567 Lachmanni
1352 2496 1463 2567 ductu

235 2622 481 2716 auspicioque,
511 2620 610 2706 locis,
639 2622 702 2716 qui
730 2621 875 2692 iamiam
900 2619 1104 2704 afferentur,
1134 2620 1303 2690 nitentes.

284 2743 435 2814 Certum
469 2759 533 2826 est,
564 2768 606 2814 ex
647 2744 734 2838 ipsis
769 2757 885 2837 poetae
929 2740 1057 2825 verbis,
1095 2765 1192 2825 eum,
1232 2765 1316 2812 cum
1352 2740 1464 2813 semel

235 2880 424 2959 peccasset,
442 2881 574 2936 ¹totum
605 2866 642 2935 in
669 2889 809 2936 annum
843 2863 955 2936 fuisse
984 2864 1158 2958 pulsum:
1184 2864 1241 2946 ΙΙΙ,
1274 2867 1327 2946 16,
1358 2886 1376 2956 9

317 3070 505 3142 Peccaram
533 3070 656 3154 semel,
684 3087 719 3142 et
744 3086 866 3142 totum
894 3094 977 3141 sum
1005 3069 1133 3165 pulsus
1160 3071 1198 3140 in
1226 3093 1377 3142 annum.

236 3274 331 3346 Huic
348 3275 488 3347 discidii
509 3299 608 3347 anno
628 3298 734 3348 versu
754 3276 778 3360 l,
805 3299 834 3360 1,
856 3297 877 3369 7
898 3276 960 3370 (Et
976 3273 1068 3346 mihi
1084 3277 1156 3346 iam
1177 3289 1257 3345 toto
1286 3274 1387 3345 furor
1406 3272 1465 3345 hic

235 3421 310 3469 non
337 3397 459 3470 deficit
480 3399 599 3493 anno)
624 3397 772 3493 plurimi
794 3399 961 3494 (excepto
982 3414 1104 3470 tamen
1128 3397 1313 3481 BrandtiO,
1338 3397 1465 3477 Quaes-

234 3520 353 3592 tiones
387 3521 640 3617 Propertianae,
668 3516 840 3605 Berolini,
875 3523 981 3600 1880,
1015 3545 1054 3615 p.
1092 3521 1158 3614 29)
1185 3519 1296 3591 alludi
1322 3535 1462 3614 putant.

233 3644 372 3716 Rursus
391 3644 417 3727 Ι,
444 3665 472 3729 1,
491 3647 566 3734 5-6,
586 3642 741 3739 legitur:

433 3850 560 3921 Donec
588 3874 646 3921 me
673 3849 799 3921 docuit
825 3865 937 3921 castas
965 3848 1085 3921 odisse
1111 3848 1249 3944 puellas

528 3971 732 4068 lmprobus‚
761 3987 797 4043 et
824 3970 927 4044 nullo
965 3973 1084 4044 vivere
1111 3970 1277 4043 consiliu.

283 4185 359 4256 lam
403 4209 421 4256 e
462 4186 520 4269 ΙΗ,
574 4190 626 4271 16,
669 4211 687 4280 9
724 4202 867 4283 apparet
908 4186 1020 4259 semel
1063 4185 1191 4258 saltem
1233 4186 1463 4282 Propertium

236 4330 411 4402 peccasse,
448 4323 482 4379 et
510 4332 588 4379 eam
618 4310 735 4405 ipsam
763 4309 848 4382 fidei
875 4309 1115 4383 violationem
1141 4308 1283 4380 discidii
1317 4331 1461 4379 causam

234 4428 347 4502 fuisse
377 4431 607 4530 (quanquam
649 4430 868 4517 Knauthius,
903 4432 1042 4512 Quaest.
1077 4432 1194 4530 Prop,
1227 4430 1318 4516 Hal,
1359 4433 1461 4525 1878,
