<?xml version="1.0" encoding="UTF-8"?>
<!DOCTYPE html PUBLIC "-//W3C//DTD XHTML 1.0 Transitional//EN"
    "http://www.w3.org/TR/xhtml1/DTD/xhtml1-transitional.dtd">
<html xmlns="http://www.w3.org/1999/xhtml" xml:lang="en" lang="en">
 <head>
  <title>
</title>
<meta http-equiv="Content-Type" content="text/html;charset=utf-8" />
  <meta name='ocr-system' content='tesseract 3.04.00' />
  <meta name='ocr-capabilities' content='ocr_page ocr_carea ocr_par ocr_line ocrx_word'/>
</head>
<body>
  <div class='ocr_page' id='page_1' title='image "./desexpropertiia00bonagoog_0041.png"; bbox 0 0 3398 5468; ppageno 0'>
   <div class='ocr_carea' id='block_1_1' title="bbox 768 587 960 660">
    <p class='ocr_par' dir='ltr' id='par_1_1' title="bbox 768 587 960 660">
     <span class='ocr_line' id='line_1_1' title="bbox 768 587 960 660; baseline 0.036 -22"><span class='ocrx_word' id='word_1_1' title='bbox 768 587 960 660; x_wconf 42' lang='lat'>48„</span> 
     </span>
    </p>
   </div>
   <div class='ocr_carea' id='block_1_2' title="bbox 240 768 1574 2338">
    <p class='ocr_par' dir='ltr' id='par_1_2' title="bbox 240 768 1574 2338">
     <span class='ocr_line' id='line_1_2' title="bbox 249 768 1479 868; baseline 0.005 -26"><span class='ocrx_word' id='word_1_2' title='bbox 249 768 320 843; x_wconf 91' lang='lat' dir='ltr'>nisi</span> <span class='ocrx_word' id='word_1_3' title='bbox 360 769 464 840; x_wconf 91' lang='lat' dir='ltr'>certis</span> <span class='ocrx_word' id='word_1_4' title='bbox 506 768 782 864; x_wconf 83' lang='lat' dir='ltr'>adquiescamus</span> <span class='ocrx_word' id='word_1_5' title='bbox 830 771 936 865; x_wconf 88' lang='lat' dir='ltr'>(nam</span> <span class='ocrx_word' id='word_1_6' title='bbox 977 796 1037 857; x_wconf 86' lang='lat' dir='ltr'>ea,</span> <span class='ocrx_word' id='word_1_7' title='bbox 1082 796 1164 868; x_wconf 86' lang='lat' dir='ltr'>quae</span> <span class='ocrx_word' id='word_1_8' title='bbox 1210 772 1254 847; x_wconf 90' lang='lat' dir='ltr'>ad</span> <span class='ocrx_word' id='word_1_9' title='bbox 1301 771 1479 850; x_wconf 86' lang='lat' dir='ltr'>librorum</span> 
     </span>
     <span class='ocr_line' id='line_1_3' title="bbox 248 892 1478 988; baseline 0.002 -21"><span class='ocrx_word' id='word_1_10' title='bbox 248 905 411 987; x_wconf 87' lang='lat' dir='ltr'>tempora</span> <span class='ocrx_word' id='word_1_11' title='bbox 449 893 646 988; x_wconf 86' lang='lat' dir='ltr'><strong>pertinent,</strong></span> <span class='ocrx_word' id='word_1_12' title='bbox 684 892 781 983; x_wconf 79' lang='lat' dir='ltr'>haud</span> <span class='ocrx_word' id='word_1_13' title='bbox 807 892 896 972; x_wconf 90' lang='lat' dir='ltr'>levis</span> <span class='ocrx_word' id='word_1_14' title='bbox 937 896 1118 971; x_wconf 83' lang='lat' dir='ltr'>momenti</span> <span class='ocrx_word' id='word_1_15' title='bbox 1163 911 1261 980; x_wconf 90' lang='lat' dir='ltr'>sunt,</span> <span class='ocrx_word' id='word_1_16' title='bbox 1310 919 1395 967; x_wconf 86' lang='lat' dir='ltr'>curn</span> <span class='ocrx_word' id='word_1_17' title='bbox 1434 894 1478 971; x_wconf 86' lang='lat' dir='ltr'>ad</span> 
     </span>
     <span class='ocr_line' id='line_1_4' title="bbox 246 1013 1478 1114; baseline 0.003 -24"><span class='ocrx_word' id='word_1_18' title='bbox 246 1037 388 1091; x_wconf 86' lang='lat' dir='ltr'>amores</span> <span class='ocrx_word' id='word_1_19' title='bbox 423 1013 679 1101; x_wconf 79' lang='lat' dir='ltr'>enucleandos,</span> <span class='ocrx_word' id='word_1_20' title='bbox 711 1031 791 1092; x_wconf 87' lang='lat' dir='ltr'>turn</span> <span class='ocrx_word' id='word_1_21' title='bbox 826 1015 869 1091; x_wconf 88' lang='lat' dir='ltr'>ad</span> <span class='ocrx_word' id='word_1_22' title='bbox 910 1017 1010 1112; x_wconf 91' lang='lat' dir='ltr'>ipsos</span> <span class='ocrx_word' id='word_1_23' title='bbox 1045 1041 1198 1112; x_wconf 86' lang='lat' dir='ltr'>poeseos</span> <span class='ocrx_word' id='word_1_24' title='bbox 1240 1018 1478 1114; x_wconf 84' lang='lat' dir='ltr'>propertianae</span> 
     </span>
     <span class='ocr_line' id='line_1_5' title="bbox 246 1136 1479 1235; baseline 0.002 -22"><span class='ocrx_word' id='word_1_25' title='bbox 246 1136 379 1213; x_wconf 88' lang='lat' dir='ltr'>modos</span> <span class='ocrx_word' id='word_1_26' title='bbox 413 1163 489 1210; x_wconf 90' lang='lat' dir='ltr'>non</span> <span class='ocrx_word' id='word_1_27' title='bbox 517 1137 586 1218; x_wconf 89' lang='lat' dir='ltr'>sibi</span> <span class='ocrx_word' id='word_1_28' title='bbox 613 1154 822 1216; x_wconf 82' lang='lat' dir='ltr'>constantes</span> <span class='ocrx_word' id='word_1_29' title='bbox 865 1140 929 1215; x_wconf 90' lang='lat' dir='ltr'>rite</span> <span class='ocrx_word' id='word_1_30' title='bbox 966 1138 1242 1235; x_wconf 77' lang='lat' dir='ltr'>explanandos),</span> <span class='ocrx_word' id='word_1_31' title='bbox 1269 1139 1401 1216; x_wconf 91' lang='lat' dir='ltr'>deinde</span> <span class='ocrx_word' id='word_1_32' title='bbox 1437 1157 1479 1216; x_wconf 93' lang='lat' dir='ltr'>ut</span> 
     </span>
     <span class='ocr_line' id='line_1_6' title="bbox 245 1257 1475 1358; baseline 0.004 -24"><span class='ocrx_word' id='word_1_33' title='bbox 245 1257 290 1334; x_wconf 86' lang='lat' dir='ltr'>de</span> <span class='ocrx_word' id='word_1_34' title='bbox 328 1258 390 1335; x_wconf 86' lang='lat' dir='ltr'>illa</span> <span class='ocrx_word' id='word_1_35' title='bbox 418 1261 642 1339; x_wconf 86' lang='lat' dir='ltr'>Lachmanni</span> <span class='ocrx_word' id='word_1_36' title='bbox 681 1261 861 1339; x_wconf 88' lang='lat' dir='ltr'>divisione</span> <span class='ocrx_word' id='word_1_37' title='bbox 897 1261 1045 1341; x_wconf 88' lang='lat' dir='ltr'>tandem</span> <span class='ocrx_word' id='word_1_38' title='bbox 1089 1261 1286 1358; x_wconf 87' lang='lat' dir='ltr'>aliquando</span> <span class='ocrx_word' id='word_1_39' title='bbox 1314 1279 1475 1341; x_wconf 87' lang='lat' dir='ltr'>nostram</span> 
     </span>
     <span class='ocr_line' id='line_1_7' title="bbox 245 1381 1476 1481; baseline 0.004 -27"><span class='ocrx_word' id='word_1_40' title='bbox 245 1381 409 1459; x_wconf 87' lang='lat' dir='ltr'>dicamus</span> <span class='ocrx_word' id='word_1_41' title='bbox 432 1385 663 1461; x_wconf 79' lang='lat' dir='ltr'>sententiam.</span> <span class='ocrx_word' id='word_1_42' title='bbox 688 1384 843 1463; x_wconf 87' lang='lat' dir='ltr'>Constat</span> <span class='ocrx_word' id='word_1_43' title='bbox 875 1384 1009 1462; x_wconf 90' lang='lat' dir='ltr'>librum</span> <span class='ocrx_word' id='word_1_44' title='bbox 1035 1386 1196 1481; x_wconf 88' lang='lat' dir='ltr'>primum</span> <span class='ocrx_word' id='word_1_45' title='bbox 1230 1411 1305 1465; x_wconf 91' lang='lat' dir='ltr'>non</span> <span class='ocrx_word' id='word_1_46' title='bbox 1331 1402 1476 1464; x_wconf 90' lang='lat' dir='ltr'>tantum</span> 
     </span>
     <span class='ocr_line' id='line_1_8' title="bbox 244 1501 1574 1606; baseline 0.002 -27"><span class='ocrx_word' id='word_1_47' title='bbox 244 1522 328 1581; x_wconf 88' lang='lat' dir='ltr'>ante</span> <span class='ocrx_word' id='word_1_48' title='bbox 371 1506 462 1583; x_wconf 88' lang='lat' dir='ltr'>alios</span> <span class='ocrx_word' id='word_1_49' title='bbox 505 1523 698 1593; x_wconf 81' lang='lat' dir='ltr'>exaratum,</span> <span class='ocrx_word' id='word_1_50' title='bbox 738 1507 800 1585; x_wconf 88' lang='lat' dir='ltr'>sed</span> <span class='ocrx_word' id='word_1_51' title='bbox 839 1508 947 1586; x_wconf 85' lang='lat' dir='ltr'>etiam</span> <span class='ocrx_word' id='word_1_52' title='bbox 983 1507 1119 1605; x_wconf 87' lang='lat' dir='ltr'>publici</span> <span class='ocrx_word' id='word_1_53' title='bbox 1157 1510 1246 1587; x_wconf 90' lang='lat' dir='ltr'>iuris</span> <span class='ocrx_word' id='word_1_54' title='bbox 1285 1511 1475 1606; x_wconf 87' lang='lat' dir='ltr'>separatim</span> <span class='ocrx_word' id='word_1_55' title='bbox 1506 1501 1508 1503; x_wconf 54' lang='grc'><strong>’</strong></span> <span class='ocrx_word' id='word_1_56' title='bbox 1572 1568 1574 1572; x_wconf 91' lang='grc'>.</span> 
     </span>
     <span class='ocr_line' id='line_1_9' title="bbox 244 1629 1477 1727; baseline 0.002 -25"><span class='ocrx_word' id='word_1_57' title='bbox 244 1653 321 1702; x_wconf 89' lang='lat' dir='ltr'>esse</span> <span class='ocrx_word' id='word_1_58' title='bbox 347 1629 494 1702; x_wconf 84' lang='lat' dir='ltr'>factum.</span> <span class='ocrx_word' id='word_1_59' title='bbox 520 1632 569 1704; x_wconf 93' lang='lat' dir='ltr'>Ut</span> <span class='ocrx_word' id='word_1_60' title='bbox 593 1633 693 1703; x_wconf 89' lang='lat' dir='ltr'>enim</span> <span class='ocrx_word' id='word_1_61' title='bbox 714 1629 815 1702; x_wconf 90' lang='lat' dir='ltr'>locos</span> <span class='ocrx_word' id='word_1_62' title='bbox 839 1632 888 1717; x_wconf 90' lang='lat' dir='ltr'>ll,</span> <span class='ocrx_word' id='word_1_63' title='bbox 913 1653 944 1724; x_wconf 83' lang='lat'>7,</span> <span class='ocrx_word' id='word_1_64' title='bbox 971 1631 1181 1727; x_wconf 80' lang='lat' dir='ltr'>17·18(ubi</span> <span class='ocrx_word' id='word_1_65' title='bbox 1207 1647 1328 1722; x_wconf 83' lang='lat' dir='ltr'>tamen</span> <span class='ocrx_word' id='word_1_66' title='bbox 1352 1649 1477 1710; x_wconf 88' lang='lat' dir='ltr'>contra</span> 
     </span>
     <span class='ocr_line' id='line_1_10' title="bbox 241 1752 1473 1852; baseline 0.002 -27"><span class='ocrx_word' id='word_1_67' title='bbox 241 1752 457 1830; x_wconf 88' lang='lat' dir='ltr'>Brandtium</span> <span class='ocrx_word' id='word_1_68' title='bbox 497 1752 542 1831; x_wconf 84' lang='lat' dir='ltr'>de</span> <span class='ocrx_word' id='word_1_69' title='bbox 575 1754 796 1831; x_wconf 84' lang='lat' dir='ltr'>carminibus</span> <span class='ocrx_word' id='word_1_70' title='bbox 836 1755 893 1852; x_wconf 84' lang='lat' dir='ltr'>agi</span> <span class='ocrx_word' id='word_1_71' title='bbox 942 1756 1103 1850; x_wconf 89' lang='lat' dir='ltr'>opinor),</span> <span class='ocrx_word' id='word_1_72' title='bbox 1138 1771 1173 1831; x_wconf 91' lang='lat' dir='ltr'>et</span> <span class='ocrx_word' id='word_1_73' title='bbox 1202 1756 1252 1842; x_wconf 88' lang='lat' dir='ltr'>II,</span> <span class='ocrx_word' id='word_1_74' title='bbox 1282 1777 1338 1840; x_wconf 87' lang='lat'>20,</span> <span class='ocrx_word' id='word_1_75' title='bbox 1368 1781 1473 1832; x_wconf 82' lang='lat'><em>21·22</em></span> 
     </span>
     <span class='ocr_line' id='line_1_11' title="bbox 241 1869 1475 1974; baseline 0.002 -25"><span class='ocrx_word' id='word_1_76' title='bbox 241 1876 325 1972; x_wconf 93' lang='lat' dir='ltr'>(qui</span> <span class='ocrx_word' id='word_1_77' title='bbox 356 1891 392 1950; x_wconf 86' lang='lat' dir='ltr'>et</span> <span class='ocrx_word' id='word_1_78' title='bbox 421 1877 498 1973; x_wconf 89' lang='lat' dir='ltr'>ipse</span> <span class='ocrx_word' id='word_1_79' title='bbox 525 1877 611 1953; x_wconf 90' lang='lat' dir='ltr'>satis</span> <span class='ocrx_word' id='word_1_80' title='bbox 643 1892 762 1973; x_wconf 85' lang='lat' dir='ltr'>aperte</span> <span class='ocrx_word' id='word_1_81' title='bbox 787 1898 881 1973; x_wconf 87' lang='lat' dir='ltr'>opus</span> <span class='ocrx_word' id='word_1_82' title='bbox 905 1869 1091 1974; x_wconf 79' lang='lat' dir='ltr'>quoddam</span> <span class='ocrx_word' id='word_1_83' title='bbox 1123 1875 1263 1955; x_wconf 89' lang='lat' dir='ltr'>editum</span> <span class='ocrx_word' id='word_1_84' title='bbox 1290 1877 1475 1974; x_wconf 85' lang='lat' dir='ltr'>designat)</span> 
     </span>
     <span class='ocr_line' id='line_1_12' title="bbox 242 2000 1475 2097; baseline 0.006 -28"><span class='ocrx_word' id='word_1_85' title='bbox 242 2000 478 2085; x_wconf 81' lang='lat' dir='ltr'>omittamus3</span> <span class='ocrx_word' id='word_1_86' title='bbox 514 2010 639 2073; x_wconf 89' lang='lat' dir='ltr'>vers&#39;us</span> <span class='ocrx_word' id='word_1_87' title='bbox 669 2001 715 2086; x_wconf 92' lang='lat' dir='ltr'>H,</span> <span class='ocrx_word' id='word_1_88' title='bbox 752 2022 825 2093; x_wconf 56' lang='grc' dir='ltr'><em>Μ</em></span> <span class='ocrx_word' id='word_1_89' title='bbox 871 2001 935 2095; x_wconf 88' lang='lat' dir='ltr'>(Et</span> <span class='ocrx_word' id='word_1_90' title='bbox 967 2002 1082 2097; x_wconf 87' lang='lat' dir='ltr'>turpis</span> <span class='ocrx_word' id='word_1_91' title='bbox 1120 2000 1165 2076; x_wconf 80' lang='lat' dir='ltr'>de</span> <span class='ocrx_word' id='word_1_92' title='bbox 1201 2017 1236 2073; x_wconf 86' lang='lat' dir='ltr'>te</span> <span class='ocrx_word' id='word_1_93' title='bbox 1261 2002 1349 2077; x_wconf 86' lang='lat' dir='ltr'>iam</span> <span class='ocrx_word' id='word_1_94' title='bbox 1385 2000 1475 2076; x_wconf 87' lang='lat' dir='ltr'>liber</span> 
     </span>
     <span class='ocr_line' id='line_1_13' title="bbox 241 2119 1472 2220; baseline -0.001 -24"><span class='ocrx_word' id='word_1_95' title='bbox 241 2119 329 2201; x_wconf 90' lang='lat' dir='ltr'>alter</span> <span class='ocrx_word' id='word_1_96' title='bbox 358 2123 444 2218; x_wconf 90' lang='lat' dir='ltr'>erit)</span> <span class='ocrx_word' id='word_1_97' title='bbox 473 2122 699 2198; x_wconf 87' lang='lat' dir='ltr'>demonstrat</span> <span class='ocrx_word' id='word_1_98' title='bbox 736 2124 808 2199; x_wconf 88' lang='lat' dir='ltr'>iam</span> <span class='ocrx_word' id='word_1_99' title='bbox 845 2148 888 2199; x_wconf 92' lang='lat' dir='ltr'>eo</span> <span class='ocrx_word' id='word_1_100' title='bbox 934 2140 1098 2220; x_wconf 86' lang='lat' dir='ltr'>tempore</span> <span class='ocrx_word' id='word_1_101' title='bbox 1140 2124 1301 2220; x_wconf 87' lang='lat' dir='ltr'>primum</span> <span class='ocrx_word' id='word_1_102' title='bbox 1337 2121 1472 2201; x_wconf 85' lang='lat' dir='ltr'>librum</span> 
     </span>
     <span class='ocr_line' id='line_1_14' title="bbox 240 2243 959 2338; baseline 0.006 -21"><span class='ocrx_word' id='word_1_103' title='bbox 240 2244 353 2323; x_wconf 85' lang='lat' dir='ltr'>fuisse</span> <span class='ocrx_word' id='word_1_104' title='bbox 376 2243 600 2332; x_wconf 81' lang='lat' dir='ltr'>absolutum,</span> <span class='ocrx_word' id='word_1_105' title='bbox 622 2262 658 2321; x_wconf 86' lang='lat' dir='ltr'>et</span> <span class='ocrx_word' id='word_1_106' title='bbox 680 2247 881 2338; x_wconf 78' lang='lat' dir='ltr'>vv.11‚24‚</span> <span class='ocrx_word' id='word_1_107' title='bbox 904 2272 959 2321; x_wconf 83' lang='lat'>1·2</span> 
     </span>
    </p>
   </div>
   <div class='ocr_carea' id='block_1_3' title="bbox 386 2463 1315 2686">
    <p class='ocr_par' dir='ltr' id='par_1_3' title="bbox 386 2463 1315 2686">
     <span class='ocr_line' id='line_1_15' title="bbox 386 2463 1315 2562; baseline 0 -24"><span class='ocrx_word' id='word_1_108' title='bbox 386 2464 444 2538; x_wconf 90' lang='lat' dir='ltr'>Tu</span> <span class='ocrx_word' id='word_1_109' title='bbox 472 2463 648 2562; x_wconf 87' lang='lat' dir='ltr'>loqueris,</span> <span class='ocrx_word' id='word_1_110' title='bbox 670 2491 754 2546; x_wconf 88' lang='lat' dir='ltr'>curn</span> <span class='ocrx_word' id='word_1_111' title='bbox 782 2467 831 2544; x_wconf 90' lang='lat' dir='ltr'>sis</span> <span class='ocrx_word' id='word_1_112' title='bbox 858 2468 929 2542; x_wconf 87' lang='lat' dir='ltr'>iam</span> <span class='ocrx_word' id='word_1_113' title='bbox 958 2482 1048 2543; x_wconf 92' lang='lat' dir='ltr'>noto</span> <span class='ocrx_word' id='word_1_114' title='bbox 1075 2465 1195 2545; x_wconf 85' lang='lat' dir='ltr'>fabula</span> <span class='ocrx_word' id='word_1_115' title='bbox 1222 2466 1315 2542; x_wconf 91' lang='lat' dir='ltr'>libro</span> 
     </span>
     <span class='ocr_line' id='line_1_16' title="bbox 463 2587 1267 2686; baseline -0.009 -20"><span class='ocrx_word' id='word_1_116' title='bbox 463 2588 508 2669; x_wconf 81' lang='lat' dir='ltr'>Et</span> <span class='ocrx_word' id='word_1_117' title='bbox 533 2604 596 2666; x_wconf 87' lang='lat' dir='ltr'>tua</span> <span class='ocrx_word' id='word_1_118' title='bbox 621 2590 669 2664; x_wconf 86' lang='lat' dir='ltr'>sit</span> <span class='ocrx_word' id='word_1_119' title='bbox 695 2604 776 2665; x_wconf 90' lang='lat' dir='ltr'>toto</span> <span class='ocrx_word' id='word_1_120' title='bbox 803 2588 963 2686; x_wconf 88' lang='lat' dir='ltr'>Cynthia</span> <span class='ocrx_word' id='word_1_121' title='bbox 988 2587 1079 2663; x_wconf 86' lang='lat' dir='ltr'>lecta</span> <span class='ocrx_word' id='word_1_122' title='bbox 1104 2589 1199 2673; x_wconf 84' lang='lat' dir='ltr'>for0‚</span> <span class='ocrx_word' id='word_1_123' title='bbox 1266 2607 1267 2611; x_wconf 60' lang='lat'>‘</span> 
     </span>
    </p>
   </div>
   <div class='ocr_carea' id='block_1_4' title="bbox 236 2804 1469 3161">
    <p class='ocr_par' dir='ltr' id='par_1_4' title="bbox 236 2804 1469 3161">
     <span class='ocr_line' id='line_1_17' title="bbox 238 2804 1469 2905; baseline -0.002 -25"><span class='ocrx_word' id='word_1_124' title='bbox 238 2808 393 2905; x_wconf 87' lang='lat' dir='ltr'>probant</span> <span class='ocrx_word' id='word_1_125' title='bbox 430 2810 503 2887; x_wconf 81' lang='lat' dir='ltr'>iarn</span> <span class='ocrx_word' id='word_1_126' title='bbox 546 2809 646 2886; x_wconf 85' lang='lat' dir='ltr'>hunc</span> <span class='ocrx_word' id='word_1_127' title='bbox 679 2807 813 2881; x_wconf 90' lang='lat' dir='ltr'>librum</span> <span class='ocrx_word' id='word_1_128' title='bbox 843 2809 881 2880; x_wconf 91' lang='lat' dir='ltr'>in</span> <span class='ocrx_word' id='word_1_129' title='bbox 920 2831 1052 2884; x_wconf 88' lang='lat' dir='ltr'>manus</span> <span class='ocrx_word' id='word_1_130' title='bbox 1088 2821 1123 2878; x_wconf 88' lang='lat' dir='ltr'>et</span> <span class='ocrx_word' id='word_1_131' title='bbox 1159 2830 1220 2880; x_wconf 87' lang='lat' dir='ltr'>ora</span> <span class='ocrx_word' id='word_1_132' title='bbox 1270 2804 1469 2878; x_wconf 88' lang='lat' dir='ltr'>hominum</span> 
     </span>
     <span class='ocr_line' id='line_1_18' title="bbox 236 2927 1469 3034; baseline -0.003 -31"><span class='ocrx_word' id='word_1_133' title='bbox 236 2933 380 3005; x_wconf 84' lang='lat' dir='ltr'>venisse</span> <span class='ocrx_word' id='word_1_134' title='bbox 408 2931 518 3029; x_wconf 85' lang='lat' dir='ltr'>titulo</span> <span class='ocrx_word' id='word_1_135' title='bbox 547 2932 690 3034; x_wconf 75' lang='lat' dir='ltr'>Cynthia</span> <span class='ocrx_word' id='word_1_136' title='bbox 716 2931 874 3028; x_wconf 81' lang='lat' dir='ltr'>praefixa.</span> <span class='ocrx_word' id='word_1_137' title='bbox 906 2930 987 3007; x_wconf 83' lang='lat' dir='ltr'>Hoc</span> <span class='ocrx_word' id='word_1_138' title='bbox 1011 2930 1249 3004; x_wconf 88' lang='lat' dir='ltr'>confirmatur</span> <span class='ocrx_word' id='word_1_139' title='bbox 1272 2954 1292 3001; x_wconf 93' lang='lat' dir='ltr'>a</span> <span class='ocrx_word' id='word_1_140' title='bbox 1314 2927 1469 3006; x_wconf 85' lang='lat' dir='ltr'>Martiali</span> 
     </span>
     <span class='ocr_line' id='line_1_19' title="bbox 236 3053 1253 3161; baseline -0.002 -35"><span class='ocrx_word' id='word_1_141' title='bbox 236 3055 275 3127; x_wconf 91' lang='lat' dir='ltr'>in</span> <span class='ocrx_word' id='word_1_142' title='bbox 299 3056 610 3161; x_wconf 83' lang='lat' dir='ltr'>Epigrammatum</span> <span class='ocrx_word' id='word_1_143' title='bbox 638 3053 716 3147; x_wconf 86' lang='lat' dir='ltr'>libr,</span> <span class='ocrx_word' id='word_1_144' title='bbox 738 3055 821 3127; x_wconf 88' lang='lat' dir='ltr'>XIV</span> <span class='ocrx_word' id='word_1_145' title='bbox 842 3054 1118 3156; x_wconf 85' lang='lat' dir='ltr'>(Apophoretis,</span> <span class='ocrx_word' id='word_1_146' title='bbox 1144 3054 1253 3153; x_wconf 87' lang='lat'>189):</span> 
     </span>
    </p>
   </div>
   <div class='ocr_carea' id='block_1_5' title="bbox 384 3273 1296 3496">
    <p class='ocr_par' dir='ltr' id='par_1_5' title="bbox 384 3273 1296 3496">
     <span class='ocr_line' id='line_1_20' title="bbox 384 3273 1296 3370; baseline -0.004 -21"><span class='ocrx_word' id='word_1_147' title='bbox 384 3275 553 3370; x_wconf 86' lang='lat' dir='ltr'>Cynthia,</span> <span class='ocrx_word' id='word_1_148' title='bbox 590 3275 737 3348; x_wconf 86' lang='lat' dir='ltr'>facundi</span> <span class='ocrx_word' id='word_1_149' title='bbox 769 3299 912 3350; x_wconf 88' lang='lat' dir='ltr'>carmen</span> <span class='ocrx_word' id='word_1_150' title='bbox 949 3273 1108 3347; x_wconf 88' lang='lat' dir='ltr'>iuvenile</span> <span class='ocrx_word' id='word_1_151' title='bbox 1135 3275 1296 3370; x_wconf 87' lang='lat' dir='ltr'>Properti</span> 
     </span>
     <span class='ocr_line' id='line_1_21' title="bbox 430 3384 1252 3496; baseline -0.009 -23"><span class='ocrx_word' id='word_1_152' title='bbox 430 3384 580 3496; x_wconf 58' lang='lat' dir='ltr'>A‘ccepit</span> <span class='ocrx_word' id='word_1_153' title='bbox 607 3398 752 3481; x_wconf 86' lang='lat' dir='ltr'>famam,</span> <span class='ocrx_word' id='word_1_154' title='bbox 778 3421 852 3470; x_wconf 55' lang='lat' dir='ltr'>&gt;nec</span> <span class='ocrx_word' id='word_1_155' title='bbox 883 3397 1007 3468; x_wconf 91' lang='lat' dir='ltr'>minus</span> <span class='ocrx_word' id='word_1_156' title='bbox 1036 3397 1113 3492; x_wconf 93' lang='lat' dir='ltr'>ipsa</span> <span class='ocrx_word' id='word_1_157' title='bbox 1141 3395 1252 3482; x_wconf 89' lang='lat' dir='ltr'>dedit,</span> 
     </span>
    </p>
   </div>
   <div class='ocr_carea' id='block_1_6' title="bbox 217 3617 1466 4451">
    <p class='ocr_par' dir='ltr' id='par_1_6' title="bbox 217 3617 1466 4451">
     <span class='ocr_line' id='line_1_22' title="bbox 235 3617 1465 3721; baseline -0.001 -29"><span class='ocrx_word' id='word_1_158' title='bbox 235 3618 298 3692; x_wconf 93' lang='lat' dir='ltr'>ubi</span> <span class='ocrx_word' id='word_1_159' title='bbox 325 3620 465 3715; x_wconf 88' lang='lat' dir='ltr'>primus</span> <span class='ocrx_word' id='word_1_160' title='bbox 489 3617 578 3694; x_wconf 92' lang='lat' dir='ltr'>liber</span> <span class='ocrx_word' id='word_1_161' title='bbox 606 3619 749 3716; x_wconf 77' lang='lat' dir='ltr'>Cynthia</span> <span class='ocrx_word' id='word_1_162' title='bbox 779 3619 975 3714; x_wconf 88' lang='lat' dir='ltr'>inscriptus</span> <span class='ocrx_word' id='word_1_163' title='bbox 1003 3620 1081 3690; x_wconf 89' lang='lat' dir='ltr'>sine</span> <span class='ocrx_word' id='word_1_164' title='bbox 1104 3617 1218 3690; x_wconf 92' lang='lat' dir='ltr'>dubio</span> <span class='ocrx_word' id='word_1_165' title='bbox 1244 3618 1465 3721; x_wconf 87' lang='lat' dir='ltr'>designatur.</span> 
     </span>
     <span class='ocr_line' id='line_1_23' title="bbox 232 3739 1464 3836; baseline 0 -23"><span class='ocrx_word' id='word_1_166' title='bbox 232 3741 341 3813; x_wconf 89' lang='lat' dir='ltr'>Nunc</span> <span class='ocrx_word' id='word_1_167' title='bbox 370 3741 408 3812; x_wconf 90' lang='lat' dir='ltr'>in</span> <span class='ocrx_word' id='word_1_168' title='bbox 449 3740 557 3813; x_wconf 91' lang='lat' dir='ltr'>bonis</span> <span class='ocrx_word' id='word_1_169' title='bbox 590 3739 691 3814; x_wconf 90' lang='lat' dir='ltr'>libris</span> <span class='ocrx_word' id='word_1_170' title='bbox 724 3741 757 3813; x_wconf 82' lang='lat' dir='ltr'><strong>A</strong></span> <span class='ocrx_word' id='word_1_171' title='bbox 783 3741 811 3812; x_wconf 90' lang='lat' dir='ltr'>F</span> <span class='ocrx_word' id='word_1_172' title='bbox 834 3741 868 3812; x_wconf 89' lang='lat' dir='ltr'>V</span> <span class='ocrx_word' id='word_1_173' title='bbox 896 3742 1064 3836; x_wconf 82' lang='lat' dir='ltr'>(excepto</span> <span class='ocrx_word' id='word_1_174' title='bbox 1091 3742 1146 3826; x_wconf 92' lang='lat' dir='ltr'>N;</span> <span class='ocrx_word' id='word_1_175' title='bbox 1174 3743 1218 3818; x_wconf 88' lang='grc' dir='ltr'>Ι).</span> <span class='ocrx_word' id='word_1_176' title='bbox 1249 3756 1290 3813; x_wconf 88' lang='lat' dir='ltr'>ut</span> <span class='ocrx_word' id='word_1_177' title='bbox 1319 3756 1464 3829; x_wconf 88' lang='lat' dir='ltr'>notum,</span> 
     </span>
     <span class='ocr_line' id='line_1_24' title="bbox 233 3863 1466 3960; baseline 0.001 -25"><span class='ocrx_word' id='word_1_178' title='bbox 233 3864 347 3935; x_wconf 90' lang='lat' dir='ltr'>modo</span> <span class='ocrx_word' id='word_1_179' title='bbox 377 3865 402 3949; x_wconf 92' lang='lat' dir='ltr'>I,</span> <span class='ocrx_word' id='word_1_180' title='bbox 431 3886 463 3950; x_wconf 88' lang='lat'>2,</span> <span class='ocrx_word' id='word_1_181' title='bbox 501 3886 544 3955; x_wconf 72' lang='lat'>14</span> <span class='ocrx_word' id='word_1_182' title='bbox 579 3865 726 3960; x_wconf 84' lang='lat' dir='ltr'>incipit)</span> <span class='ocrx_word' id='word_1_183' title='bbox 757 3888 886 3936; x_wconf 85' lang='lat' dir='ltr'>vocem</span> <span class='ocrx_word' id='word_1_184' title='bbox 929 3887 1011 3958; x_wconf 85' lang='lat' dir='ltr'>quae</span> <span class='ocrx_word' id='word_1_185' title='bbox 1041 3878 1094 3936; x_wconf 89' lang='lat' dir='ltr'>est</span> <span class='ocrx_word' id='word_1_186' title='bbox 1127 3863 1339 3936; x_wconf 79' lang='lat' dir='ltr'>Monobiblos</span> <span class='ocrx_word' id='word_1_187' title='bbox 1369 3865 1466 3936; x_wconf 83' lang='lat' dir='ltr'>inve-</span> 
     </span>
     <span class='ocr_line' id='line_1_25' title="bbox 233 3985 1465 4084; baseline -0.001 -25"><span class='ocrx_word' id='word_1_188' title='bbox 233 3989 383 4074; x_wconf 89' lang='lat' dir='ltr'>nimus;</span> <span class='ocrx_word' id='word_1_189' title='bbox 415 3987 512 4059; x_wconf 90' lang='lat' dir='ltr'>unde</span> <span class='ocrx_word' id='word_1_190' title='bbox 539 3986 707 4084; x_wconf 85' lang='lat' dir='ltr'>colligere</span> <span class='ocrx_word' id='word_1_191' title='bbox 741 4010 940 4084; x_wconf 91' lang='lat' dir='ltr'>possumus</span> <span class='ocrx_word' id='word_1_192' title='bbox 973 3985 1073 4058; x_wconf 83' lang='lat' dir='ltr'>hunc</span> <span class='ocrx_word' id='word_1_193' title='bbox 1095 3985 1229 4058; x_wconf 88' lang='lat' dir='ltr'>librum</span> <span class='ocrx_word' id='word_1_194' title='bbox 1260 3988 1333 4062; x_wconf 89' lang='lat' dir='ltr'>iarn</span> <span class='ocrx_word' id='word_1_195' title='bbox 1368 3987 1465 4082; x_wconf 92' lang='lat' dir='ltr'>apud</span> 
     </span>
     <span class='ocr_line' id='line_1_26' title="bbox 217 4107 1465 4205; baseline 0 -25"><span class='ocrx_word' id='word_1_196' title='bbox 217 4126 369 4182; x_wconf 65' lang='lat' dir='ltr'>,veteres</span> <span class='ocrx_word' id='word_1_197' title='bbox 409 4126 444 4181; x_wconf 87' lang='lat' dir='ltr'>et</span> <span class='ocrx_word' id='word_1_198' title='bbox 481 4110 672 4205; x_wconf 85' lang='lat' dir='ltr'>separatim</span> <span class='ocrx_word' id='word_1_199' title='bbox 721 4107 868 4193; x_wconf 89' lang='lat' dir='ltr'>lectum,</span> <span class='ocrx_word' id='word_1_200' title='bbox 912 4124 947 4180; x_wconf 90' lang='lat' dir='ltr'>et</span> <span class='ocrx_word' id='word_1_201' title='bbox 986 4109 1132 4204; x_wconf 90' lang='lat' dir='ltr'>proprio</span> <span class='ocrx_word' id='word_1_202' title='bbox 1175 4107 1295 4192; x_wconf 91' lang='lat' dir='ltr'>titulo,</span> <span class='ocrx_word' id='word_1_203' title='bbox 1333 4133 1465 4203; x_wconf 87' lang='lat' dir='ltr'>nempe</span> 
     </span>
     <span class='ocr_line' id='line_1_27' title="bbox 233 4223 1465 4328; baseline -0.003 -24"><span class='ocrx_word' id='word_1_204' title='bbox 233 4232 376 4328; x_wconf 78' lang='lat' dir='ltr'>Cynthia</span> <span class='ocrx_word' id='word_1_205' title='bbox 402 4229 626 4315; x_wconf 71' lang='lat' dir='ltr'>Maeotidos,</span> <span class='ocrx_word' id='word_1_206' title='bbox 665 4229 832 4302; x_wconf 85' lang='lat' dir='ltr'>dotatum</span> <span class='ocrx_word' id='word_1_207' title='bbox 866 4229 979 4300; x_wconf 85' lang='lat' dir='ltr'>fuisse</span> <span class='ocrx_word' id='word_1_208' title='bbox 1010 4223 1115 4324; x_wconf 83' lang='lat' dir='ltr'>(nam</span> <span class='ocrx_word' id='word_1_209' title='bbox 1148 4253 1276 4307; x_wconf 88' lang='lat' dir='ltr'>vocem</span> <span class='ocrx_word' id='word_1_210' title='bbox 1310 4225 1465 4301; x_wconf 80' lang='lat' dir='ltr'>Marrubi-</span> 
     </span>
     <span class='ocr_line' id='line_1_28' title="bbox 232 4344 1463 4451; baseline -0.002 -25"><span class='ocrx_word' id='word_1_211' title='bbox 232 4353 301 4426; x_wconf 84' lang='lat' dir='ltr'>blos</span> <span class='ocrx_word' id='word_1_212' title='bbox 324 4355 407 4451; x_wconf 94' lang='lat' dir='ltr'>quis</span> <span class='ocrx_word' id='word_1_213' title='bbox 440 4353 558 4426; x_wconf 85' lang='lat' dir='ltr'>credat</span> <span class='ocrx_word' id='word_1_214' title='bbox 589 4378 664 4424; x_wconf 91' lang='lat' dir='ltr'>non</span> <span class='ocrx_word' id='word_1_215' title='bbox 698 4354 735 4424; x_wconf 91' lang='lat' dir='ltr'>in</span> <span class='ocrx_word' id='word_1_216' title='bbox 762 4353 978 4447; x_wconf 84' lang='lat' dir='ltr'>antiquitate</span> <span class='ocrx_word' id='word_1_217' title='bbox 1007 4375 1084 4423; x_wconf 91' lang='lat' dir='ltr'>esse</span> <span class='ocrx_word' id='word_1_218' title='bbox 1116 4351 1250 4423; x_wconf 82' lang='lat' dir='ltr'>lecturn</span> <span class='ocrx_word' id='word_1_219' title='bbox 1285 4367 1320 4423; x_wconf 88' lang='lat' dir='ltr'>et</span> <span class='ocrx_word' id='word_1_220' title='bbox 1349 4344 1463 4424; x_wconf 83' lang='lat' dir='ltr'>¹alicui</span> 
     </span>
    </p>
   </div>
   <div class='ocr_carea' id='block_1_7' title="bbox 231 4473 1463 4569">
    <p class='ocr_par' dir='ltr' id='par_1_7' title="bbox 231 4473 1463 4569">
     <span class='ocr_line' id='line_1_29' title="bbox 231 4473 1463 4569; baseline -0.005 -17"><span class='ocrx_word' id='word_1_221' title='bbox 231 4477 341 4557; x_wconf 88' lang='lat' dir='ltr'>medii</span> <span class='ocrx_word' id='word_1_222' title='bbox 388 4478 454 4554; x_wconf 87' lang='lat' dir='ltr'>aevi</span> <span class='ocrx_word' id='word_1_223' title='bbox 495 4475 697 4561; x_wconf 79' lang='lat' dir='ltr'>semidocto</span> <span class='ocrx_word' id='word_1_224' title='bbox 734 4474 918 4569; x_wconf 63' lang='lat' dir='ltr'>debon).</span> <span class='ocrx_word' id='word_1_225' title='bbox 945 4474 1103 4551; x_wconf 86' lang='lat' dir='ltr'>Proinde</span> <span class='ocrx_word' id='word_1_226' title='bbox 1135 4473 1180 4552; x_wconf 85' lang='lat' dir='ltr'>de</span> <span class='ocrx_word' id='word_1_227' title='bbox 1220 4476 1338 4569; x_wconf 86' lang='lat' dir='ltr'>primo</span> <span class='ocrx_word' id='word_1_228' title='bbox 1370 4473 1463 4550; x_wconf 88' lang='lat' dir='ltr'>libro</span> 
     </span>
    </p>
   </div>
   <div class='ocr_carea' id='block_1_8' title="bbox 0 0 1704 5468">
    <p class='ocr_par' dir='ltr' id='par_1_8' title="bbox 0 0 1704 5468">
     <span class='ocr_line' id='line_1_30' title="bbox 0 0 1704 5468; baseline 0 5"><span class='ocrx_word' id='word_1_229' title='bbox 0 0 1704 5468; x_wconf 95' lang='lat' dir='ltr'> </span> 
     </span>
    </p>
   </div>
  </div>
 </body>
</html>
