3398 5468
695 565 891 634 ...99-

230 727 342 807 Quod
365 726 408 798 ad
429 726 617 799 Catullum
638 730 784 813 attinet,
803 728 863 800 ille
883 746 976 802 certe
993 730 1172 801 violenter
1191 731 1324 801 amavit
1345 732 1407 826 qui

180 849 256 921 haec
280 849 430 922 scribere
456 852 575 945 potuit
595 853 702 945 (86):

327 1095 402 1167 Odi
419 1113 454 1168 et
467 1121 562 1168 arno,
581 1097 704 1177 Quare
722 1096 756 1168 id
774 1097 901 1169 faciam
918 1097 1067 1169 fortasse
1083 1099 1235 1193 requiris
1252 1124 1259 1182 ;

424 1220 566 1304 Nesci0,
589 1219 649 1291 sed
671 1220 747 1291 fieri
767 1221 888 1292 sentio
908 1237 943 1292 et
958 1222 1162 1304 excrucior,

180 1488 261 1559 quae
281 1466 440 1536 carmina
460 1465 571 1536 fronti
591 1466 814 1561 Propertiani
843 1468 961 1562 operis
983 1465 1129 1538 inscribi
1151 1481 1321 1562 possent,
1344 1467 1407 1560 qui

180 1573 336 1659 carmina
355 1607 384 1682 5,
401 1610 421 1682 7
438 1604 473 1659 et
490 1588 604 1660 multa
620 1588 687 1660 alia
703 1591 775 1683 (ex.
790 1614 823 1686 g.
848 1611 926 1682 107,
947 1592 1033 1684 109)
1053 1591 1089 1661 in
1113 1613 1207 1661 ceras
1230 1589 1407 1672 coniecit;

179 1711 252 1805 qui,
268 1712 296 1781 si
312 1711 390 1782 eius
405 1727 527 1781 totum
549 1735 642 1807 opus
668 1711 774 1808 legas
807 1737 997 1807 nunquam
1020 1712 1247 1784 mediocriter
1265 1711 1409 1782 videtur

180 1832 290 1904 luisse
306 1848 528 1905 commotus
545 1835 585 1904 ln
600 1835 677 1905 eius
692 1858 813 1907 amore
827 1850 961 1920 tamen,
978 1859 1020 1905 ex
1038 1835 1114 1930 ipsa
1136 1833 1311 1905 violentia
1327 1857 1408 1928 quae

180 1975 320 2047 carm5
347 1971 381 2026 et
401 1978 422 2050 7
444 1972 597 2052 apparet,
621 1958 796 2028 maiorem
818 1957 943 2029 locum
964 1981 1094 2028 sensus
1110 1982 1220 2053 quam
1240 1958 1407 2028 animum

178 2079 299 2174 ipsum
320 2080 481 2150 tenuisse
502 2079 675 2173 suspicor.
697 2081 824 2175 Neque
846 2104 940 2176 nego
965 2104 1091 2151 verum
1112 2103 1277 2151 amorem
1298 2079 1407 2150 etiam

180 2225 356 2273 sensuum
370 2200 575 2297 voluptates
593 2200 788 2285 includere,
802 2218 836 2273 et
853 2203 1063 2297 Propertius
1076 2203 1152 2297 ipse
1166 2203 1214 2273 rei
1231 2202 1333 2273 testis
1356 2217 1409 2272 est

178 2326 249 2419 (ex.
264 2351 298 2420 g.
315 2325 355 2410 ll,
384 2327 455 2418 15).
478 2325 546 2397 Sed
568 2342 691 2397 noster
711 2327 816 2397 variis
837 2324 926 2397 locis
946 2326 1099 2397 affirmat
1120 2351 1156 2398 se
1180 2350 1255 2397 non
1286 2326 1410 2396 minus

167 2447 348 2540 Cynthiae
363 2447 512 2519 dotibus
527 2472 636 2543 quarn
653 2448 732 2519 eius
747 2448 863 2519 forma
875 2448 988 2521 fuisse
1001 2449 1192 2532 irretitum.
1214 2448 1409 2542 Ceteroqui

180 2569 314 2641 Catulli
334 2572 491 2641 carmina
506 2571 708 2642 ostendunt
724 2595 809 2642 eum
831 2572 867 2641 in
885 2571 989 2642 omni
1005 2596 1135 2668 genere
1157 2572 1312 2644 lasciviae
1333 2594 1409 2642 esse

180 2691 450 2764 debacchatum.
469 2693 565 2774 Quis
581 2693 689 2765 talem
704 2695 822 2765 virum
843 2695 1061 2767 contendere
1075 2711 1198 2790 posset
1216 2718 1290 2765 non
1314 2717 1408 2788 saepe

180 2815 276 2899 alias,
292 2813 348 2886 vel
361 2815 452 2887 alios
465 2817 674 2910 quaesivisse
688 2819 702 2886 ?

228 2956 383 3037 Etenim,
409 2972 448 3027 ut
469 2979 552 3033 rem,
571 2955 745 3027 lubricam
771 2958 961 3054 attingam,
984 2976 1121 3030 certum
1146 2975 1199 3030 est
1220 2957 1409 3030 Catullum

181 3103 377 3174 puerorum
390 3103 552 3150 amorem
567 3103 642 3149 non
657 3080 836 3152 vitavisse.
851 3081 932 3152 Hoc
942 3083 1019 3176 ipse
1034 3082 1120 3152 satis
1135 3080 1242 3152 crude
1257 3081 1411 3152 affirmat

180 3202 337 3272 carmine
355 3206 396 3294 56
409 3201 470 3295 (cf.
488 3223 541 3295 15,
559 3223 614 3286 21,
628 3205 684 3292 48,
703 3204 778 3296 99).
793 3202 901 3297 Apud
917 3201 1110 3274 Tibullum
1122 3205 1165 3297 (l,
1181 3205 1222 3297 4)
1237 3218 1410 3298 praecepta

137 3337 160 3378 θ
180 3323 223 3394 ad
252 3323 340 3394 tales
374 3348 515 3395 amores
550 3326 746 3419 spectantia
780 3326 1008 3410 invenimus,
1036 3342 1069 3396 et
1099 3344 1205 3421 poeta
1234 3351 1270 3396 se
1299 3324 1410 3397 huius

182 3447 315 3517 amoris
337 3447 550 3542 magistrum
574 3449 764 3542 profitetur
782 3473 837 3518 vv.
857 3452 981 3540 75-76:

575 3695 650 3764 Vos
672 3719 729 3765 me
750 3694 922 3767 celebrate
943 3695 1157 3789 magistrum

354 3816 461 3897 Quos
486 3817 578 3888 male
604 3815 710 3888 habet
731 3816 846 3888 multa
868 3798 1019 3888 callidus
1040 3833 1111 3888 arte
1132 3840 1229 3911 puer.

182 4059 285 4132 Certe
312 4059 380 4132 dici
404 4078 523 4156 potest
559 4061 710 4133 Albium
741 4061 887 4158 aliquod
916 4062 1098 4159 exemplar
1120 4061 1408 4133 Alexandrinum

182 4206 259 4254 esse
279 4199 467 4268 secutum;
498 4209 583 4256 eum
601 4184 728 4256 saltem
745 4186 884 4257 decenti
915 4186 1026 4258 modo
1049 4186 1149 4281 loqui
1171 4201 1322 4257 constat.
1340 4184 1408 4256 Sed

183 4306 210 4375 si
225 4330 242 4376 a
263 4330 298 4377 re
316 4331 461 4401 prorsus
477 4305 618 4379 alienus
638 4308 776 4393 fuisset,
796 4333 870 4380 non
886 4324 1030 4380 tantum
1052 4309 1089 4379 in
1121 4307 1186 4379 hac
1206 4308 1409 4403 quaestione

182 4443 274 4498 esset
305 4427 534 4499 immoratus
562 4428 768 4523 Propertius
791 4453 987 4524 puerorum
1013 4429 1147 4500 amoris
1178 4428 1231 4500 bis
1259 4430 1408 4524 quidem
