3398 5468
813 514 1004 624 -684

291 736 342 809 Ut
356 759 393 807 se
413 759 524 812 suurn
541 760 702 810 amorem
727 761 802 808 non
823 737 895 809 alio
917 737 1106 809 transferre
1126 761 1233 833 posse
1259 739 1439 834 significet
1459 739 1522 832 (ll,

297 866 360 953 15)
376 874 549 954 quattuor
563 859 727 933 versibus
742 861 894 954 (51-54)
913 859 999 931 dicit
1018 859 1088 932 hoc
1109 884 1184 932 non
1202 860 1271 933 nisi
1288 876 1371 957 post
1384 884 1523 934 eversas

294 995 432 1056 natnrae
466 979 563 1076 leges
595 997 826 1057 eventurum.
864 980 959 1053 Vide
990 1006 1138 1077 quoqne
1172 1006 1297 1055 versus
1329 1003 1454 1073 51-52,
1489 998 1526 1055 et

293 1104 439 1198 passim.
452 1104 794 1201 -Nonnunquam
814 1104 872 1176 his
891 1128 910 1177 e
929 1120 1054 1176 natura
1074 1106 1195 1201 petitis
1215 1105 1390 1202 exemplis
1410 1105 1526 1179 utitur

294 1249 369 1302 non
391 1241 432 1301 ut
448 1249 503 1299 res
519 1224 678 1300 vividius
696 1225 860 1311 illustret,
878 1226 939 1300 sed
957 1242 998 1298 ut
1014 1251 1108 1303 nova
1125 1226 1168 1299 ad
1184 1252 1288 1301 suarn
1303 1228 1520 1303 sententiam

293 1346 521 1443 ¹probandam
548 1348 761 1445 argumenta
783 1350 947 1446 proferat,
966 1374 1017 1421 ex.
1034 1374 1068 1446 g.
1083 1351 1125 1432 ΙΙ,
1147 1368 1311 1445 5,1.9-20‚
1335 1350 1397 1424 ubi
1418 1357 1523 1423 suam

293 1470 448 1546 amicam
480 1472 774 1558 commonefacit,
801 1497 846 1575 ne
871 1496 936 1545 sna
959 1473 1074 1567 ipsius
1099 1469 1246 1550 lenitate
1272 1472 1464 1547 abutatur:

361 1720 364 1725 ’
401 1722 486 1794 Non
515 1720 639 1794 solum
666 1739 791 1795 taurus
817 1723 897 1799 ferit
923 1721 1027 1794 uncis
1055 1720 1228 1796 cornibus
1256 1721 1412 1806 hostem,

459 1845 596 1917 Verum
624 1846 733 1917 etiarn
766 1846 916 1919 instanti
952 1843 1035 1923 taesa
1061 1860 1237 1940 repugnat
1263 1845 1353 1916 ovis.

295 2093 392 2166 Cum
413 2093 611 2188 Cynthium
632 2096 677 2189 (l,
693 2097 736 2189 2)
754 2096 933 2190 vituperat
953 2096 1070 2168 nimio
1089 2094 1236 2166 vestitui
1256 2092 1522 2190 indulgentem,

293 2214 395 2311 plura
429 2233 644 2314 argumenta
670 2218 773 2290 affert
806 2242 824 2290 e
854 2234 980 2290 natura
1018 2218 1138 2313 petita,
1173 2240 1255 2312 quae
1285 2231 1397 2288 artem
1430 2214 1523 2289 nihil

290 2338 432 2426 addere,
461 2340 578 2413 immo
608 2340 823 2436 plerumque
857 2364 985 2412 nocere
1016 2338 1268 2411 demonstrent
1302 2340 1378 2433 (vu.
1410 2339 1522 2433 9-14).

294 2463 520 2536 Huiusmodi
553 2460 716 2558 exempla
744 2464 878 2557 passim
914 2463 1074 2559 inspersa
1102 2462 1277 2545 iuvenies
1310 2460 1408 2534 unde
1432 2460 1524 2535 iudi·

294 2610 371 2660 care
404 2602 509 2682 potes
540 2585 646 2658 illurn
690 2603 826 2659 naturae
865 2575 984 2662 rerum
1024 2610 1185 2668 sensum,
1229 2609 1304 2680 quo
1350 2582 1524 2659 Tibullus

293 2708 463 2794 effloruit,
494 2730 568 2780 non
596 2734 615 2781 a
650 2708 1028 2813 Propertioalienum
1060 2709 1184 2781 fuisse.

341 2847 409 2919 Sed
426 2872 475 2932 ea,
499 2864 539 2924 ut
560 2848 729 2930 diximus,
766 2849 901 2944 passim
926 2864 961 2921 et
979 2872 1080 2944 parce
1101 2849 1261 2942 inspersa
1284 2863 1380 2929 sunt,
1403 2865 1523 2943 neque

92 2968 96 2976 ’
188 2982 190 2987 ’
294 2995 448 3042 numero
461 2971 710 3068 exemplorum
727 2987 813 3043 sunt
828 2971 1078 3066 comparanda,
1090 2995 1171 3066 qnae
1183 2986 1289 3065 poeta
1305 2995 1323 3042 e
1340 2969 1523 3043 veteribus

293 3093 534 3190 mythologice
547 3094 690 3193 fabulis,
706 3092 762 3169 vel
776 3093 819 3165 ad
833 3092 1073 3188 illustrandae,
1090 3092 1146 3165 vel
1159 3092 1202 3164 ad
1220 3093 1423 3190 probandas
1439 3118 1522 3166 suas

292 3218 491 3290 sententias
508 3217 639 3289 hausit.
656 3215 769 3288 Indici
786 3217 996 3300 nominum,
1010 3240 1120 3311 quern
1136 3217 1219 3288 Luc.
1232 3215 1431 3288 Muellerus
1446 3218 1522 3290 suae

291 3340 444 3412 editioni
474 3317 621 3425 addidit,
656 3339 827 3412 undecim
853 3340 993 3435 paginae
1015 3340 1221 3414 necessariae
1248 3338 1407 3410 fuerunt.
1441 3339 1524 3412 Pro·

292 3463 395 3559 pertii
413 3464 570 3536 carmina
592 3486 667 3533 non
684 3462 754 3536 nisi
770 3461 813 3532 ab
834 3463 1067 3556 antiquarum
1087 3459 1292 3539 fabularum
1313 3461 1435 3555 peritis
1451 3461 1522 3559 legi

291 3580 1522 3680 possunt.Huiusscientiaetironeslenteprogrediuntur,doctorunr

291 3705 593 3781 adnotationibus
606 3705 706 3778 velut
721 3705 954 3777 adminiculis
971 3707 1140 3778 nitentes
1156 3705 1436 3780 Fueruntetiam
1458 3708 1522 3801 qui

291 3853 373 3900 cunr
408 3827 613 3923 Herzbergo
652 3828 912 3905 contenderent
951 3842 1097 3922 poetam
1143 3851 1217 3901 non
1255 3824 1377 3931 solum
1422 3829 1537 3923 gravi,

290 3949 466 4027 doctrinae
488 3948 585 4022 mole
614 3964 806 4025 oneratum
828 3948 1004 4032 incedere,
1031 3948 1091 4023 sed
1113 3948 1221 4023 etiam
1238 3947 1394 4023 consilio
1409 3971 1519 4021 usum

291 4088 448 4143 remotas
475 4088 508 4143 et
536 4071 706 4145 obscuras
737 4069 876 4144 fabulas
903 4094 979 4146 esse
1017 4085 1200 4152 secutum,
1223 4084 1257 4142 et
1290 4068 1523 4166 neglegenter

290 4192 431 4266 diversa
445 4195 713 4290 promiscuisse.
730 4193 866 4264 Contra
879 4217 973 4288 qnos
985 4193 1167 4287 Hauptins
1180 4191 1351 4286 (Opusc,
1362 4194 1403 4279 ll,
1419 4195 1524 4289 p.6o)

291 4332 325 4387 et
346 4317 424 4387 Kar.
441 4316 620 4389 Weberus
644 4317 805 4409 (Quaest.
827 4317 945 4411 Prop,
963 4339 995 4409 p.
1012 4317 1077 4409 25)
1096 4314 1273 4395 dixerunt.
1292 4314 1359 4387 Sed
1380 4331 1518 4387 certum

293 4454 345 4509 est
370 4455 508 4509 tantam
538 4437 794 4535 mythologicae
825 4439 984 4510 scientiae
1022 4439 1228 4534 congeriem
1259 4436 1353 4533 apud
1384 4462 1519 4533 pancos
