3398 5468
751 565 946 653 „93-

282 752 351 824 Sed
366 751 429 823 diu
446 775 552 822 verus
567 768 601 823 et
617 752 720 822 vivax
735 769 853 847 poetae
873 776 976 823 amor
995 753 1074 823 fuit.
1096 753 1175 823 Hoc
1192 754 1308 848 magis
1327 754 1463 824 senties

232 875 262 946 si
275 899 361 946 eum
376 898 460 945 cum
477 898 599 945 amore
615 873 771 946 aliorum
787 875 1029 971 elegiacorum
1046 890 1236 970 poetarum
1249 874 1460 946 contuleris.

233 996 391 1069 Ovidius
411 999 522 1080 enim,
540 1021 621 1092 quae
640 1015 713 1068 erat
727 999 805 1069 eius
821 997 956 1081 levitas,
973 1022 1047 1068 non
1065 997 1236 1070 Corinnae
1253 996 1378 1081 mod0‚
1399 995 1461 1068 sed

231 1120 382 1192 aliarum
399 1145 547 1216 quoque
560 1121 704 1192 videtur
717 1122 814 1217 leges
829 1122 1013 1217 recepisse.
1029 1119 1217 1192 Probabile
1230 1137 1283 1191 est
1294 1121 1461 1192 Amorum

232 1259 377 1337 poetam
405 1259 598 1338 praecepta,
627 1266 708 1338 quae
737 1244 774 1313 in
802 1244 887 1314 Arte
910 1246 1080 1315 amatoria
1109 1245 1354 1345 continentur,
1384 1266 1461 1313 esse

232 1382 399 1437 secutum
418 1365 520 1460 (vide
535 1365 685 1450 Amores,
700 1367 740 1448 ΙΙ,
763 1367 804 1460 4)
819 1392 826 1450 3
844 1384 936 1438 certe
954 1369 1128 1437 novimus
1144 1389 1229 1437 eum
1245 1365 1371 1436 amicae
1387 1387 1462 1435 suae

232 1512 331 1560 serva
356 1512 521 1584 possessa
544 1512 621 1560 esse
646 1487 842 1584 gloriatum
869 1488 981 1582 (Aua,
997 1489 1039 1572 Π,
1056 1490 1109 1583 8),
1134 1503 1168 1558 et
1198 1511 1274 1557 uno
1299 1504 1462 1581 tempore

233 1611 323 1683 duas
342 1613 518 1683 amavisse
537 1610 649 1704 (Ana,
667 1611 714 1694 ΙΙ,
738 1612 821 1704 Ιο);
844 1628 1011 1705 praeterea
1031 1610 1159 1728 multae
1179 1608 1302 1706 elegiae
1323 1633 1399 1679 non
1419 1606 1462 1678 ad

232 1732 433 1804 Corinnam
447 1748 619 1829 spectant.
632 1733 841 1827 Propertius
854 1757 1002 1828 quoque
1015 1733 1139 1828 aliquo
1151 1749 1314 1828 tempore
1325 1748 1361 1802 et
1373 1730 1463 1802 viles

232 1857 399 1951 quaesivit
419 1873 453 1928 et
477 1857 628 1928 asseruit
651 1855 726 1927 duo
753 1855 947 1926 retinacula
968 1854 1101 1927 melius
1125 1879 1254 1926 navem
1271 1853 1463 1925 defendere

230 1981 291 2073 (ll,
320 2003 376 2064 22,
407 1982 483 2074 41).
504 1979 572 2051 sed
594 2005 633 2051 ea
660 1980 869 2074 desperatus
888 1979 971 2051 fecit
996 1996 1059 2051 aut
1085 1981 1236 2074 scripsit,
1261 2003 1348 2062 non,
1370 1979 1465 2049 sicut

233 2101 402 2186 Ovidius,
418 2100 618 2173 lasciviens.
635 2103 805 2194 Lycinna,
826 2125 910 2172 cum
932 2100 1043 2173 semel
1061 2100 1220 2194 Cynthia
1242 2103 1381 2196 potitus
1398 2119 1462 2185 est,

232 2224 419 2296 abstinuit.
437 2226 559 2296 Lectio
568 2225 698 2319 patellas
710 2225 787 2319 (Ill,
801 2249 858 2313 23,
873 2225 917 2317 5)
930 2242 964 2295 et
976 2248 1082 2295 scena
1097 2248 1179 2318 quae
1194 2225 1253 2308 ΙΙΙ,
1270 2227 1291 2295 8
1305 2242 1466 2297 narratur

232 2345 401 2418 adfinem
426 2347 671 2442 quinquennii
685 2345 741 2417 vel
767 2347 810 2417 ad
835 2363 980 2441 tempus
1004 2347 1262 2441 quinquennio
1282 2348 1466 2441 posterius

233 2467 426 2541 referendae
442 2485 539 2540 sunt.
564 2470 605 2539 ln
632 2469 817 2540 Amoribus
843 2468 938 2539 leves
968 2492 1109 2539 amores
1134 2467 1295 2538 Ovidius
1320 2493 1466 2539 summa

235 2589 377 2663 levitate
423 2590 597 2688 depingit,
631 2592 668 2661 in
711 2592 787 2663 suis
828 2590 1049 2662 carminibus
1089 2591 1297 2686 Propertius
1336 2615 1464 2662 verum

234 2737 397 2784 amorem
430 2715 506 2784 imo
539 2715 645 2786 corde
674 2713 836 2785 defixum
869 2738 1014 2784 summa
1045 2715 1228 2810 gravitate.
1260 2713 1323 2784 llle
1352 2711 1467 2784 libero

234 2836 359 2907 animo
389 2835 604 2933 plerumque
626 2838 774 2919 iocatur,
797 2835 856 2907 hic
876 2837 1017 2931 captivo
1037 2837 1109 2907 fere
1130 2860 1272 2932 semper
1291 2838 1465 2931 queritur.

282 2977 336 3047 De
349 2975 500 3048 Tibullo
522 3001 598 3047 non
620 2976 718 3048 idem
731 2975 800 3047 dici
817 2984 947 3071 polest,
973 3001 1091 3071 neque
1112 3000 1257 3047 causam
1274 2974 1466 3060 habemus,

236 3100 384 3170 cureius
397 3123 558 3171 amorem
571 3124 647 3171 non
663 3123 789 3170 verum
803 3099 915 3170 fuisse
931 3099 1208 3171 contendamus.
1224 3098 1328 3170 Certe
1341 3115 1465 3170 tamen

236 3220 429 3316 placidiore
458 3224 583 3294 animo
611 3222 682 3293 fuit
697 3237 830 3317 poeta,
861 3238 918 3305 ut,
948 3223 1056 3293 etiam
1087 3224 1123 3292 in
1158 3220 1315 3293 adversis
1348 3221 1466 3306 rebus

237 3344 438 3416 moderatas
451 3345 614 3439 querelas
630 3345 821 3416 emitteret.
839 3343 932 3416 lllud
952 3368 1100 3440 quoque
1117 3360 1259 3415 constat
1274 3369 1358 3415 eum
1376 3345 1468 3416 duas
1565 3364 1575 3379 ¹

236 3466 405 3538 dominas
425 3468 613 3550 cecinisse,
637 3491 768 3563 nempe
785 3467 926 3538 Deliam
949 3483 984 3538 et
1003 3467 1189 3551 Nemesin,
1205 3467 1304 3562 quod
1325 3491 1367 3537 ex
1388 3469 1468 3538 eius

237 3589 458 3662 carminibus
474 3588 640 3663 eluceret
656 3589 699 3661 ab
714 3590 852 3662 Ouidio
869 3589 1120 3661 corroboratur
1146 3591 1257 3684 (Am,
1270 3590 1327 3673 ΙΙΙ,
1342 3613 1372 3680 9,
1387 3591 1467 3684 31),

224 3728 278 3784 'ut
293 3712 336 3784 de
352 3712 413 3783 illa
427 3737 446 3782 a
461 3712 587 3783 Flacco
607 3713 753 3806 (Curru,
768 3714 793 3797 l,
811 3736 824 3802 3
834 3733 865 3801 3,
878 3714 919 3806 2)
940 3713 1127 3783 nominata
1148 3711 1297 3804 Glycera
1317 3728 1467 3796 taceam,

237 3859 347 3930 quam
366 3834 471 3906 multi
489 3851 633 3931 propter
649 3836 801 3906 eandem
818 3833 1037 3928 syllabarum
1054 3836 1295 3929 quantitatem
1313 3835 1466 3906 eandem

237 3983 276 4030 ac
295 3959 469 4030 Nemesin
491 3958 603 4030 luisse
621 3974 849 4053 putaverunt.
870 3957 979 4052 Apud
998 3958 1227 4052 Propertium
1248 3975 1372 4029 contra
1394 3983 1468 4030 una

238 4080 397 4175 Cynthia
431 4082 651 4152 nominatur.
685 4079 847 4165 Tibullo,
872 4081 962 4150 ruris
987 4096 1020 4150 et
1046 4080 1129 4151 vitae
1156 4082 1280 4175 priscae
1302 4083 1466 4165 amatori,

237 4205 343 4276 yariae
354 4205 478 4275 amicae
488 4203 760 4298 complementa
768 4219 910 4274 tanturn
927 4201 1038 4273 huius
1052 4204 1243 4274 somniatae
1252 4204 1336 4274 vitae
1348 4219 1465 4288 erant;

237 4327 425 4423 Propertio
442 4325 600 4418 Cynthia
614 4326 687 4396 vita
707 4327 783 4421 ipsa
798 4326 878 4397 fuit.
899 4323 1038 4396 Tibulli
1059 4324 1281 4396 carminibus
1298 4342 1466 4397 nostrum

239 4466 363 4545 pectus
376 4465 473 4545 grate
488 4465 665 4531 movetur,
680 4448 854 4542 Propertii
875 4446 1109 4519 vehementer
1124 4448 1370 4519 conturbatur.
