3398 5468
752 588 946 656 ,29-

231 771 314 828 ante
338 755 429 826 alios
454 754 642 848 separatim
678 767 713 823 et
746 753 892 846 proprio
918 749 1027 822 titulo
1054 748 1167 858 edit0,
1196 775 1294 822 anno
1323 755 1461 844 728s26

120 915 121 918 ¹
232 892 395 959 exeunte,
421 877 508 947 satis
533 888 686 956 constat.

262 1002 334 1072 ‚De
371 998 471 1071 libris
513 999 544 1068 ΙΙ
581 1012 616 1068 et
655 997 700 1068 ΙΙΙ
730 999 853 1066 minus
880 1011 1111 1067 certumest.
1139 995 1309 1068 Vidimus
1334 996 1464 1093 elegias

233 1146 315 1218 quae
354 1123 391 1192 in
432 1121 539 1193 tertio
576 1118 669 1190 libro
711 1119 947 1189 continentur
976 1118 1163 1210 posteriori
1205 1121 1362 1215 tempori
1388 1143 1465 1191 esse

233 1241 497 1317 adscribendas.
535 1240 604 1312 Sed
636 1241 734 1312 docti
768 1254 904 1310 certant
943 1240 997 1332 (et
1024 1237 1142 1310 adhuc
1173 1239 1241 1311 sub
1271 1240 1388 1313 iudice
1421 1241 1465 1314 lis

234 1368 307 1460 est)
340 1389 415 1461 quo
446 1381 611 1459 tempore
645 1362 683 1433 hi
713 1361 793 1434 libri
824 1360 961 1456 publici
988 1361 1077 1432 iuris
1105 1363 1179 1432 sint
1209 1362 1303 1442 facti,
1342 1379 1465 1435 utrum

235 1488 278 1560 ab
326 1488 407 1585 ipso
452 1502 568 1581 poeta,
627 1509 672 1556 an
708 1483 751 1555 ab
791 1483 916 1554 amicis
966 1481 1126 1554 collectae
1163 1484 1299 1556 fuerint
1331 1485 1465 1583 elegiae,

236 1610 343 1682 etiam
387 1608 431 1680 de
465 1607 642 1679 librorum
677 1629 842 1678 numero.
885 1606 1044 1676 Breviter
1083 1630 1201 1677 meam
1247 1610 1466 1679 sententiam

237 1755 458 1827 expromam.

285 1852 378 1925 Mihi
418 1851 566 1947 quidem
603 1868 740 1923 certum
787 1867 840 1922 est
877 1849 946 1921 hos
984 1849 1078 1921 duos
1113 1849 1224 1922 libros
1259 1876 1302 1923 eo
1342 1853 1468 1925 ordine

237 1976 349 2049 fuisse
392 1976 430 2045 in
467 1998 562 2046 ceras
597 1974 783 2045 coniectos
821 1996 897 2068 quo
926 1976 967 2043 ad
1009 1996 1077 2044 nos
1100 1975 1338 2068 pervenerint.
1374 1973 1467 2047 Illud

238 2115 402 2193 tempore
448 2095 663 2191 elegiarum,
704 2117 785 2189 quae
831 2112 927 2165 certo
973 2094 1116 2165 cuidam
1157 2097 1312 2191 tempori
1359 2096 1469 2168 tribui

240 2235 406 2315 possunt,
442 2219 631 2302 evincitur,
669 2241 735 2289 nec
782 2219 907 2288 minus
941 2218 1098 2288 metricis
1128 2218 1341 2290 rationibus
1375 2221 1470 2291 Puto

241 2342 309 2414 hos
343 2342 386 2414 ab
427 2343 508 2436 ipso
546 2356 652 2436 poeta
689 2340 802 2411 fuisse
835 2338 965 2424 editos
995 2363 1079 2410 cum
1120 2364 1247 2434 parum
1286 2340 1470 2437 probabile

241 2466 286 2537 sit
324 2481 469 2559 poetam
516 2480 589 2533 tam
632 2461 700 2535 sibi
740 2461 988 2533 confidentem
1026 2460 1142 2556 (vide.
1167 2464 1225 2547 HI,
1261 2466 1291 2558 1)
1328 2487 1393 2536 sua
1432 2465 1469 2534 in

241 2587 426 2660 decimum
456 2585 584 2657 saltem
615 2609 756 2655 annum
786 2585 915 2679 scripta
942 2586 1113 2679 pressisse
1140 2587 1248 2679 (vitia
1276 2586 1471 2682 archetypo

242 2710 434 2807 depravato
480 2707 674 2801 adscribo).
714 2708 847 2780 Utrum
890 2705 1002 2778 simul
1049 2731 1094 2777 an
1140 2709 1331 2802 separatim
1385 2709 1470 2780 editi

241 2832 386 2914 fuerint,
435 2831 568 2902 nescio.
624 2828 738 2910 Quod
778 2828 821 2900 ad
864 2827 1041 2900 librorum
1088 2854 1284 2902 numerum
1332 2833 1471 2914 attinet,

242 2951 473 3024 decantatum
500 2966 554 3022 est
591 2950 868 3021 lachmannum
904 2948 1107 3022 secundum
1146 2951 1280 3023 librum
1312 2954 1348 3023 in
1379 2952 1473 3024 duos

243 3074 420 3158 divisisse,
453 3071 682 3144 considerato
714 3071 892 3143 hocloco
924 3072 965 3155 ΙΙ,
1000 3092 1054 3160 13,
1086 3094 1128 3163 25

342 3275 404 3346 Sat
431 3297 510 3345 mea
537 3290 590 3344 sat
618 3289 800 3369 magnast,
828 3273 856 3344 si
885 3289 955 3344 tres
983 3274 1056 3343 sint
1083 3296 1216 3369 pompa
1245 3272 1373 3358 libelli,

245 3475 307 3569 qui
341 3473 544 3545 secundum
594 3471 780 3568 vulgatam
822 3471 1038 3560 numerandi
1079 3473 1256 3544 rationem
1302 3475 1339 3544 in
1382 3472 1474 3546 libro

245 3594 406 3668 secundo
434 3593 576 3690 legitur,
598 3611 634 3664 et
662 3595 699 3664 in
726 3594 832 3665 tertio
860 3593 928 3664 sibi
956 3594 1079 3665 locum
1106 3577 1249 3667 videtur
1275 3595 1474 3680 vindicare;

246 3735 281 3789 et
315 3717 400 3788 novi
442 3714 523 3787 libri
558 3717 706 3788 initium
752 3715 795 3787 ab
830 3715 944 3811 elegia
984 3716 1025 3800 ll,
1069 3737 1111 3787 10
1149 3741 1227 3788 esse
1258 3716 1475 3812 capiendum

246 3839 562 3940 demonstravisse.
602 3839 656 3908 De
684 3861 794 3909 sensu
824 3839 924 3909 vocis
959 3837 1061 3909 libelli
1098 3837 1195 3923 docti
1223 3840 1317 3911 inter
1347 3864 1384 3911 se
1412 3839 1475 3911 diu

247 3959 524 4056 disputaverunt
549 3959 639 4055 (vid.
674 3959 785 4031 Pless.
829 3984 861 4054 p.
909 3961 1091 4054 105-107).
1130 3959 1291 4032 Aliunde
1324 3961 1475 4033 verbum

245 4082 431 4168 sectandum,
468 4082 567 4178 quod
607 4084 754 4154 Nonius
790 4084 843 4178 (p.
894 4084 980 4176 169)
1019 4082 1111 4154 libro
1155 4085 1261 4155 tertio
1297 4084 1475 4169 adscribit,

248 4229 367 4277 revera
409 4206 468 4289 ΙΙΙ,
515 4226 571 4289 21,
623 4227 666 4295 14
709 4204 865 4301 vulgatae
913 4204 1053 4301 legitur,
1102 4205 1198 4276 unde
1248 4205 1478 4277 subrueretur

248 4326 472 4399 Lachmanni
499 4329 627 4424 opinio
655 4328 798 4422 (contra
830 4343 952 4399 tamen
985 4329 1022 4398 L.
1055 4326 1252 4399 Muellerus
1281 4329 1344 4423 qui
1375 4329 1475 4401 Prael'.

249 4474 282 4544 p.
315 4472 353 4542 13
384 4451 558 4522 Noniano
594 4448 677 4522 loco
704 4450 768 4522 ΙΙΙΙ
800 4474 864 4545 pro
890 4450 938 4520 ΙΙΙ
969 4448 1037 4546 legi
1069 4449 1177 4544 vult).
