<?xml version="1.0" encoding="UTF-8"?>
<!DOCTYPE html PUBLIC "-//W3C//DTD XHTML 1.0 Transitional//EN"
    "http://www.w3.org/TR/xhtml1/DTD/xhtml1-transitional.dtd">
<html xmlns="http://www.w3.org/1999/xhtml" xml:lang="en" lang="en">
 <head>
  <title>
</title>
<meta http-equiv="Content-Type" content="text/html;charset=utf-8" />
  <meta name='ocr-system' content='tesseract 3.04.00' />
  <meta name='ocr-capabilities' content='ocr_page ocr_carea ocr_par ocr_line ocrx_word'/>
</head>
<body>
  <div class='ocr_page' id='page_1' title='image "./desexpropertiia00bonagoog_0094.png"; bbox 0 0 3398 5468; ppageno 0'>
   <div class='ocr_carea' id='block_1_1' title="bbox 657 1382 959 1468">
    <p class='ocr_par' dir='ltr' id='par_1_1' title="bbox 657 1382 959 1468">
     <span class='ocr_line' id='line_1_1' title="bbox 657 1382 959 1468; baseline 0 -2"><span class='ocrx_word' id='word_1_1' title='bbox 657 1382 860 1468; x_wconf 83' lang='lat' dir='ltr'>CAPUT</span> <span class='ocrx_word' id='word_1_2' title='bbox 901 1383 959 1466; x_wconf 89' lang='lat' dir='ltr'>Vl</span> 
     </span>
    </p>
   </div>
   <div class='ocr_carea' id='block_1_2' title="bbox 484 1999 1132 2105">
    <p class='ocr_par' dir='ltr' id='par_1_2' title="bbox 484 1999 1132 2105">
     <span class='ocr_line' id='line_1_2' title="bbox 484 1999 1132 2105; baseline 0 -3"><span class='ocrx_word' id='word_1_3' title='bbox 484 2000 570 2102; x_wconf 87' lang='lat' dir='ltr'>DE</span> <span class='ocrx_word' id='word_1_4' title='bbox 631 1999 1132 2105; x_wconf 85' lang='lat' dir='ltr'>DISPOSlTlONE</span> 
     </span>
    </p>
   </div>
   <div class='ocr_carea' id='block_1_3' title="bbox 99 2363 1421 4550">
    <p class='ocr_par' dir='ltr' id='par_1_3' title="bbox 99 2363 1421 4550">
     <span class='ocr_line' id='line_1_3' title="bbox 239 2363 1419 2461; baseline -0.001 -25"><span class='ocrx_word' id='word_1_5' title='bbox 239 2367 325 2437; x_wconf 90' lang='lat' dir='ltr'>Haec</span> <span class='ocrx_word' id='word_1_6' title='bbox 338 2367 433 2436; x_wconf 92' lang='lat' dir='ltr'>vatia</span> <span class='ocrx_word' id='word_1_7' title='bbox 445 2364 632 2448; x_wconf 88' lang='lat' dir='ltr'>elementa,</span> <span class='ocrx_word' id='word_1_8' title='bbox 651 2391 669 2437; x_wconf 89' lang='lat' dir='ltr'>e</span> <span class='ocrx_word' id='word_1_9' title='bbox 686 2365 821 2461; x_wconf 91' lang='lat' dir='ltr'>quibus</span> <span class='ocrx_word' id='word_1_10' title='bbox 840 2367 1090 2460; x_wconf 87' lang='lat' dir='ltr'>Propertianas</span> <span class='ocrx_word' id='word_1_11' title='bbox 1107 2363 1239 2461; x_wconf 80' lang='lat' dir='ltr'><strong>elegias</strong></span> <span class='ocrx_word' id='word_1_12' title='bbox 1255 2380 1419 2436; x_wconf 83' lang='lat' dir='ltr'>constare</span> 
     </span>
     <span class='ocr_line' id='line_1_4' title="bbox 190 2486 1419 2584; baseline 0.002 -28"><span class='ocrx_word' id='word_1_13' title='bbox 190 2488 360 2572; x_wconf 67' lang='lat' dir='ltr'>vidimus</span> <span class='ocrx_word' id='word_1_14' title='bbox 377 2513 452 2584; x_wconf 95' lang='lat' dir='ltr'>quo</span> <span class='ocrx_word' id='word_1_15' title='bbox 471 2489 583 2560; x_wconf 92' lang='lat' dir='ltr'>modo</span> <span class='ocrx_word' id='word_1_16' title='bbox 600 2505 706 2584; x_wconf 90' lang='lat' dir='ltr'>poeta</span> <span class='ocrx_word' id='word_1_17' title='bbox 720 2489 886 2573; x_wconf 85' lang='lat' dir='ltr'>iunxerit,</span> <span class='ocrx_word' id='word_1_18' title='bbox 902 2512 974 2583; x_wconf 90' lang='lat' dir='ltr'>qua</span> <span class='ocrx_word' id='word_1_19' title='bbox 994 2505 1065 2560; x_wconf 88' lang='lat' dir='ltr'>arte</span> <span class='ocrx_word' id='word_1_20' title='bbox 1089 2490 1126 2558; x_wconf 90' lang='lat' dir='ltr'>in</span> <span class='ocrx_word' id='word_1_21' title='bbox 1148 2511 1277 2558; x_wconf 93' lang='lat' dir='ltr'>eorum</span> <span class='ocrx_word' id='word_1_22' title='bbox 1297 2486 1419 2582; x_wconf 89' lang='lat' dir='ltr'>dispo-</span> 
     </span>
     <span class='ocr_line' id='line_1_5' title="bbox 190 2611 1419 2708; baseline -0.001 -24"><span class='ocrx_word' id='word_1_23' title='bbox 190 2613 323 2684; x_wconf 82' lang='lat' dir='ltr'>sitione</span> <span class='ocrx_word' id='word_1_24' title='bbox 349 2614 396 2684; x_wconf 90' lang='lat' dir='ltr'>sit</span> <span class='ocrx_word' id='word_1_25' title='bbox 416 2637 516 2697; x_wconf 92' lang='lat' dir='ltr'>usus,</span> <span class='ocrx_word' id='word_1_26' title='bbox 542 2637 641 2684; x_wconf 93' lang='lat' dir='ltr'>nunc</span> <span class='ocrx_word' id='word_1_27' title='bbox 666 2612 955 2708; x_wconf 88' lang='lat' dir='ltr'>disquirendum.</span> <span class='ocrx_word' id='word_1_28' title='bbox 979 2613 1032 2683; x_wconf 90' lang='lat' dir='ltr'>De</span> <span class='ocrx_word' id='word_1_29' title='bbox 1056 2611 1121 2682; x_wconf 89' lang='lat' dir='ltr'>hac</span> <span class='ocrx_word' id='word_1_30' title='bbox 1150 2636 1185 2682; x_wconf 94' lang='lat' dir='ltr'>re</span> <span class='ocrx_word' id='word_1_31' title='bbox 1209 2637 1284 2683; x_wconf 91' lang='lat' dir='ltr'>non</span> <span class='ocrx_word' id='word_1_32' title='bbox 1313 2612 1419 2684; x_wconf 79' lang='lat' dir='ltr'>variae</span> 
     </span>
     <span class='ocr_line' id='line_1_6' title="bbox 192 2733 1419 2829; baseline 0.001 -25"><span class='ocrx_word' id='word_1_33' title='bbox 192 2734 315 2818; x_wconf 91' lang='lat' dir='ltr'>mod0,</span> <span class='ocrx_word' id='word_1_34' title='bbox 332 2733 394 2805; x_wconf 90' lang='lat' dir='ltr'>sed</span> <span class='ocrx_word' id='word_1_35' title='bbox 410 2759 556 2829; x_wconf 89' lang='lat' dir='ltr'>prorsus</span> <span class='ocrx_word' id='word_1_36' title='bbox 570 2735 719 2807; x_wconf 85' lang='lat' dir='ltr'>diversae</span> <span class='ocrx_word' id='word_1_37' title='bbox 733 2752 767 2805; x_wconf 91' lang='lat' dir='ltr'>et</span> <span class='ocrx_word' id='word_1_38' title='bbox 781 2736 890 2805; x_wconf 89' lang='lat' dir='ltr'>etiam</span> <span class='ocrx_word' id='word_1_39' title='bbox 905 2735 1083 2829; x_wconf 87' lang='lat' dir='ltr'>oppositae</span> <span class='ocrx_word' id='word_1_40' title='bbox 1094 2734 1242 2805; x_wconf 86' lang='lat' dir='ltr'>fuerunt</span> <span class='ocrx_word' id='word_1_41' title='bbox 1257 2735 1419 2805; x_wconf 89' lang='lat' dir='ltr'>virorum</span> 
     </span>
     <span class='ocr_line' id='line_1_7' title="bbox 191 2856 1418 2953; baseline 0 -25"><span class='ocrx_word' id='word_1_42' title='bbox 191 2857 383 2928; x_wconf 90' lang='lat' dir='ltr'>doctorum</span> <span class='ocrx_word' id='word_1_43' title='bbox 405 2858 610 2953; x_wconf 86' lang='lat' dir='ltr'>opiniones.</span> <span class='ocrx_word' id='word_1_44' title='bbox 633 2858 729 2929; x_wconf 95' lang='lat' dir='ltr'>Cum</span> <span class='ocrx_word' id='word_1_45' title='bbox 746 2859 845 2929; x_wconf 92' lang='lat' dir='ltr'>enim</span> <span class='ocrx_word' id='word_1_46' title='bbox 861 2856 919 2928; x_wconf 89' lang='lat' dir='ltr'>alii</span> <span class='ocrx_word' id='word_1_47' title='bbox 939 2857 1201 2928; x_wconf 87' lang='lat' dir='ltr'>contenderent</span> <span class='ocrx_word' id='word_1_48' title='bbox 1220 2857 1418 2953; x_wconf 88' lang='lat' dir='ltr'>perfectum</span> 
     </span>
     <span class='ocr_line' id='line_1_8' title="bbox 191 2979 1418 3076; baseline 0 -25"><span class='ocrx_word' id='word_1_49' title='bbox 191 2979 386 3076; x_wconf 82' lang='lat' dir='ltr'>elegiarum</span> <span class='ocrx_word' id='word_1_50' title='bbox 412 3005 488 3052; x_wconf 87' lang='lat' dir='ltr'>esse</span> <span class='ocrx_word' id='word_1_51' title='bbox 520 2980 696 3074; x_wconf 85' lang='lat' dir='ltr'>ordinem,</span> <span class='ocrx_word' id='word_1_52' title='bbox 727 2997 766 3050; x_wconf 88' lang='lat' dir='ltr'>ut</span> <span class='ocrx_word' id='word_1_53' title='bbox 801 2980 980 3076; x_wconf 91' lang='lat' dir='ltr'>pleraeque</span> <span class='ocrx_word' id='word_1_54' title='bbox 1005 2981 1041 3050; x_wconf 92' lang='lat' dir='ltr'>in</span> <span class='ocrx_word' id='word_1_55' title='bbox 1070 2996 1141 3052; x_wconf 90' lang='lat' dir='ltr'>tres</span> <span class='ocrx_word' id='word_1_56' title='bbox 1159 2995 1275 3075; x_wconf 89' lang='lat' dir='ltr'>partes</span> <span class='ocrx_word' id='word_1_57' title='bbox 1305 2980 1418 3051; x_wconf 84' lang='lat' dir='ltr'>dividi</span> 
     </span>
     <span class='ocr_line' id='line_1_9' title="bbox 191 3102 1420 3198; baseline 0 -24"><span class='ocrx_word' id='word_1_58' title='bbox 191 3104 351 3198; x_wconf 88' lang='lat' dir='ltr'>possent,</span> <span class='ocrx_word' id='word_1_59' title='bbox 373 3118 407 3174; x_wconf 93' lang='lat' dir='ltr'>et</span> <span class='ocrx_word' id='word_1_60' title='bbox 427 3104 464 3174; x_wconf 90' lang='lat' dir='ltr'>in</span> <span class='ocrx_word' id='word_1_61' title='bbox 486 3105 536 3174; x_wconf 91' lang='lat' dir='ltr'>eis</span> <span class='ocrx_word' id='word_1_62' title='bbox 552 3102 709 3198; x_wconf 73' lang='lat' dir='ltr'>strophae</span> <span class='ocrx_word' id='word_1_63' title='bbox 725 3118 759 3174; x_wconf 93' lang='lat' dir='ltr'>et</span> <span class='ocrx_word' id='word_1_64' title='bbox 780 3102 1026 3198; x_wconf 87' lang='lat' dir='ltr'>antistrophae,</span> <span class='ocrx_word' id='word_1_65' title='bbox 1043 3126 1124 3198; x_wconf 89' lang='lat' dir='ltr'>quae</span> <span class='ocrx_word' id='word_1_66' title='bbox 1145 3102 1213 3174; x_wconf 89' lang='lat' dir='ltr'>sibi</span> <span class='ocrx_word' id='word_1_67' title='bbox 1229 3102 1420 3198; x_wconf 91' lang='lat' dir='ltr'>responde-</span> 
     </span>
     <span class='ocr_line' id='line_1_10' title="bbox 191 3225 1418 3322; baseline 0 -25"><span class='ocrx_word' id='word_1_68' title='bbox 191 3242 280 3311; x_wconf 84' lang='lat' dir='ltr'>rent,</span> <span class='ocrx_word' id='word_1_69' title='bbox 297 3227 544 3321; x_wconf 85' lang='lat' dir='ltr'>reperirentur,</span> <span class='ocrx_word' id='word_1_70' title='bbox 561 3243 595 3297; x_wconf 88' lang='lat' dir='ltr'>et</span> <span class='ocrx_word' id='word_1_71' title='bbox 617 3251 693 3297; x_wconf 91' lang='lat' dir='ltr'>uno</span> <span class='ocrx_word' id='word_1_72' title='bbox 710 3225 819 3298; x_wconf 84' lang='lat' dir='ltr'>verbo</span> <span class='ocrx_word' id='word_1_73' title='bbox 842 3242 957 3297; x_wconf 86' lang='lat' dir='ltr'>totam</span> <span class='ocrx_word' id='word_1_74' title='bbox 973 3228 1192 3322; x_wconf 82' lang='lat' dir='ltr'>tragicorum</span> <span class='ocrx_word' id='word_1_75' title='bbox 1221 3225 1418 3298; x_wconf 91' lang='lat' dir='ltr'>chororum</span> 
     </span>
     <span class='ocr_line' id='line_1_11' title="bbox 189 3347 1419 3444; baseline 0.001 -24"><span class='ocrx_word' id='word_1_76' title='bbox 189 3366 302 3420; x_wconf 92' lang='lat' dir='ltr'>artem</span> <span class='ocrx_word' id='word_1_77' title='bbox 339 3348 561 3444; x_wconf 91' lang='lat' dir='ltr'>praeberent;</span> <span class='ocrx_word' id='word_1_78' title='bbox 592 3347 651 3420; x_wconf 89' lang='lat' dir='ltr'>alii</span> <span class='ocrx_word' id='word_1_79' title='bbox 684 3365 808 3421; x_wconf 90' lang='lat' dir='ltr'>contra</span> <span class='ocrx_word' id='word_1_80' title='bbox 840 3349 1110 3421; x_wconf 84' lang='lat' dir='ltr'>affirmaverunt</span> <span class='ocrx_word' id='word_1_81' title='bbox 1137 3350 1419 3444; x_wconf 84' lang='lat' dir='ltr'>compositionis</span> 
     </span>
     <span class='ocr_line' id='line_1_12' title="bbox 99 3470 1419 3568; baseline 0.002 -26"><span class='ocrx_word' id='word_1_82' title='bbox 99 3503 103 3520; x_wconf 75' lang='lat'>=</span> <span class='ocrx_word' id='word_1_83' title='bbox 190 3488 302 3543; x_wconf 89' lang='lat' dir='ltr'>artem</span> <span class='ocrx_word' id='word_1_84' title='bbox 322 3470 427 3568; x_wconf 85' lang='lat' dir='ltr'>plane</span> <span class='ocrx_word' id='word_1_85' title='bbox 450 3489 565 3567; x_wconf 91' lang='lat' dir='ltr'>poetae</span> <span class='ocrx_word' id='word_1_86' title='bbox 584 3472 763 3557; x_wconf 80' lang='lat' dir='ltr'>defuisse3</span> <span class='ocrx_word' id='word_1_87' title='bbox 786 3474 882 3544; x_wconf 93' lang='lat' dir='ltr'>unde</span> <span class='ocrx_word' id='word_1_88' title='bbox 899 3474 994 3543; x_wconf 91' lang='lat' dir='ltr'>varia</span> <span class='ocrx_word' id='word_1_89' title='bbox 1009 3472 1052 3543; x_wconf 95' lang='lat' dir='ltr'>de</span> <span class='ocrx_word' id='word_1_90' title='bbox 1064 3488 1179 3567; x_wconf 89' lang='lat' dir='ltr'>poetae</span> <span class='ocrx_word' id='word_1_91' title='bbox 1199 3472 1419 3544; x_wconf 91' lang='lat' dir='ltr'>emendandi</span> 
     </span>
     <span class='ocr_line' id='line_1_13' title="bbox 191 3593 1417 3690; baseline 0.002 -25"><span class='ocrx_word' id='word_1_92' title='bbox 191 3596 330 3666; x_wconf 84' lang='lat' dir='ltr'>ratione</span> <span class='ocrx_word' id='word_1_93' title='bbox 346 3595 444 3666; x_wconf 85' lang='lat' dir='ltr'>fuere</span> <span class='ocrx_word' id='word_1_94' title='bbox 464 3595 607 3666; x_wconf 91' lang='lat' dir='ltr'>iudicia.</span> <span class='ocrx_word' id='word_1_95' title='bbox 628 3594 684 3666; x_wconf 88' lang='lat' dir='ltr'>llli</span> <span class='ocrx_word' id='word_1_96' title='bbox 701 3597 798 3666; x_wconf 93' lang='lat' dir='ltr'>enim</span> <span class='ocrx_word' id='word_1_97' title='bbox 823 3595 916 3666; x_wconf 92' lang='lat' dir='ltr'>hanc</span> <span class='ocrx_word' id='word_1_98' title='bbox 934 3593 1156 3690; x_wconf 89' lang='lat' dir='ltr'>strophicam</span> <span class='ocrx_word' id='word_1_99' title='bbox 1186 3595 1417 3679; x_wconf 87' lang='lat' dir='ltr'>divisionem,</span> 
     </span>
     <span class='ocr_line' id='line_1_14' title="bbox 192 3717 1419 3813; baseline 0.001 -24"><span class='ocrx_word' id='word_1_100' title='bbox 192 3742 301 3813; x_wconf 90' lang='lat' dir='ltr'>quam</span> <span class='ocrx_word' id='word_1_101' title='bbox 327 3719 364 3788; x_wconf 92' lang='lat' dir='ltr'>in</span> <span class='ocrx_word' id='word_1_102' title='bbox 386 3717 510 3813; x_wconf 89' lang='lat' dir='ltr'>elegiis</span> <span class='ocrx_word' id='word_1_103' title='bbox 530 3719 648 3789; x_wconf 93' lang='lat' dir='ltr'>inesse</span> <span class='ocrx_word' id='word_1_104' title='bbox 682 3717 860 3803; x_wconf 85' lang='lat' dir='ltr'>dicebant,</span> <span class='ocrx_word' id='word_1_105' title='bbox 891 3742 973 3788; x_wconf 93' lang='lat' dir='ltr'>cum</span> <span class='ocrx_word' id='word_1_106' title='bbox 1003 3718 1209 3813; x_wconf 87' lang='lat' dir='ltr'>frequentet</span> <span class='ocrx_word' id='word_1_107' title='bbox 1228 3719 1265 3789; x_wconf 89' lang='lat' dir='ltr'>in</span> <span class='ocrx_word' id='word_1_108' title='bbox 1285 3718 1419 3790; x_wconf 85' lang='lat' dir='ltr'>tradito</span> 
     </span>
     <span class='ocr_line' id='line_1_15' title="bbox 192 3840 1419 3936; baseline 0.002 -25"><span class='ocrx_word' id='word_1_109' title='bbox 192 3865 363 3912; x_wconf 84' lang='lat' dir='ltr'>versuum</span> <span class='ocrx_word' id='word_1_110' title='bbox 397 3841 523 3912; x_wconf 88' lang='lat' dir='ltr'>ordine</span> <span class='ocrx_word' id='word_1_111' title='bbox 563 3866 638 3912; x_wconf 93' lang='lat' dir='ltr'>non</span> <span class='ocrx_word' id='word_1_112' title='bbox 673 3842 896 3920; x_wconf 85' lang='lat' dir='ltr'>invenirent,</span> <span class='ocrx_word' id='word_1_113' title='bbox 931 3840 1298 3936; x_wconf 90' lang='lat' dir='ltr'>transpositionibus,</span> <span class='ocrx_word' id='word_1_114' title='bbox 1338 3865 1419 3936; x_wconf 90' lang='lat' dir='ltr'>quae</span> 
     </span>
     <span class='ocr_line' id='line_1_16' title="bbox 192 3963 1420 4076; baseline 0.001 -42"><span class='ocrx_word' id='word_1_115' title='bbox 192 3964 323 4058; x_wconf 89' lang='lat' dir='ltr'>saepius</span> <span class='ocrx_word' id='word_1_116' title='bbox 343 3988 417 4035; x_wconf 95' lang='lat' dir='ltr'>non</span> <span class='ocrx_word' id='word_1_117' title='bbox 436 3965 529 4034; x_wconf 91' lang='lat' dir='ltr'>intra</span> <span class='ocrx_word' id='word_1_118' title='bbox 545 3965 656 4035; x_wconf 89' lang='lat' dir='ltr'>unius</span> <span class='ocrx_word' id='word_1_119' title='bbox 669 3963 792 4059; x_wconf 84' lang='lat' dir='ltr'>elegiae</span> <span class='ocrx_word' id='word_1_120' title='bbox 806 3965 898 4036; x_wconf 90' lang='lat' dir='ltr'>fines</span> <span class='ocrx_word' id='word_1_121' title='bbox 922 3964 1205 4076; x_wconf 80' lang='lat' dir='ltr'>continerentur,</span> <span class='ocrx_word' id='word_1_122' title='bbox 1223 3963 1284 4035; x_wconf 92' lang='lat' dir='ltr'>sed</span> <span class='ocrx_word' id='word_1_123' title='bbox 1307 3965 1420 4035; x_wconf 89' lang='lat' dir='ltr'>varias</span> 
     </span>
     <span class='ocr_line' id='line_1_17' title="bbox 191 4085 1419 4183; baseline -0.001 -25"><span class='ocrx_word' id='word_1_124' title='bbox 191 4085 322 4183; x_wconf 83' lang='lat' dir='ltr'>elegias</span> <span class='ocrx_word' id='word_1_125' title='bbox 338 4089 640 4173; x_wconf 84' lang='lat' dir='ltr'>contaminarent,</span> <span class='ocrx_word' id='word_1_126' title='bbox 660 4090 846 4160; x_wconf 88' lang='lat' dir='ltr'>restituere</span> <span class='ocrx_word' id='word_1_127' title='bbox 869 4088 988 4159; x_wconf 88' lang='lat' dir='ltr'>conati</span> <span class='ocrx_word' id='word_1_128' title='bbox 1005 4103 1102 4159; x_wconf 91' lang='lat' dir='ltr'>sunt.</span> <span class='ocrx_word' id='word_1_129' title='bbox 1120 4087 1166 4158; x_wconf 94' lang='lat' dir='ltr'>Hi</span> <span class='ocrx_word' id='word_1_130' title='bbox 1183 4103 1319 4172; x_wconf 92' lang='lat' dir='ltr'>contra,</span> <span class='ocrx_word' id='word_1_131' title='bbox 1335 4110 1419 4175; x_wconf 90' lang='lat' dir='ltr'>cum</span> 
     </span>
     <span class='ocr_line' id='line_1_18' title="bbox 192 4209 1421 4305; baseline 0.001 -26"><span class='ocrx_word' id='word_1_132' title='bbox 192 4226 336 4304; x_wconf 86' lang='lat' dir='ltr'>poetam</span> <span class='ocrx_word' id='word_1_133' title='bbox 367 4210 614 4305; x_wconf 93' lang='lat' dir='ltr'>componendi</span> <span class='ocrx_word' id='word_1_134' title='bbox 646 4225 758 4281; x_wconf 88' lang='lat' dir='ltr'>artem</span> <span class='ocrx_word' id='word_1_135' title='bbox 791 4235 867 4280; x_wconf 95' lang='lat' dir='ltr'>non</span> <span class='ocrx_word' id='word_1_136' title='bbox 905 4209 1075 4281; x_wconf 90' lang='lat' dir='ltr'>habuisse</span> <span class='ocrx_word' id='word_1_137' title='bbox 1112 4226 1290 4305; x_wconf 89' lang='lat' dir='ltr'>putarent,</span> <span class='ocrx_word' id='word_1_138' title='bbox 1319 4209 1421 4292; x_wconf 91' lang='lat' dir='ltr'>locos</span> 
     </span>
     <span class='ocr_line' id='line_1_19' title="bbox 191 4331 1419 4427; baseline 0 -25"><span class='ocrx_word' id='word_1_139' title='bbox 191 4333 321 4427; x_wconf 88' lang='lat' dir='ltr'>apertis</span> <span class='ocrx_word' id='word_1_140' title='bbox 341 4333 439 4404; x_wconf 89' lang='lat' dir='ltr'>vitiis</span> <span class='ocrx_word' id='word_1_141' title='bbox 466 4331 669 4404; x_wconf 85' lang='lat' dir='ltr'>laborantes</span> <span class='ocrx_word' id='word_1_142' title='bbox 693 4332 750 4404; x_wconf 91' lang='lat' dir='ltr'>vel</span> <span class='ocrx_word' id='word_1_143' title='bbox 778 4357 902 4405; x_wconf 92' lang='lat' dir='ltr'>secum</span> <span class='ocrx_word' id='word_1_144' title='bbox 926 4348 1089 4404; x_wconf 85' lang='lat' dir='ltr'>constare</span> <span class='ocrx_word' id='word_1_145' title='bbox 1114 4348 1419 4416; x_wconf 87' lang='lat' dir='ltr'>asseveraverunt,</span> 
     </span>
     <span class='ocr_line' id='line_1_20' title="bbox 192 4453 1420 4550; baseline 0.001 -26"><span class='ocrx_word' id='word_1_146' title='bbox 192 4454 247 4525; x_wconf 83' lang='lat' dir='ltr'>vel</span> <span class='ocrx_word' id='word_1_147' title='bbox 269 4454 476 4527; x_wconf 79' lang='lat' dir='ltr'>desultoriae</span> <span class='ocrx_word' id='word_1_148' title='bbox 496 4471 612 4550; x_wconf 90' lang='lat' dir='ltr'>poetae</span> <span class='ocrx_word' id='word_1_149' title='bbox 633 4456 763 4526; x_wconf 90' lang='lat' dir='ltr'>rationi</span> <span class='ocrx_word' id='word_1_150' title='bbox 783 4456 1059 4550; x_wconf 85' lang='lat' dir='ltr'>adscripserunt.</span> <span class='ocrx_word' id='word_1_151' title='bbox 1080 4457 1133 4526; x_wconf 91' lang='lat' dir='ltr'>De</span> <span class='ocrx_word' id='word_1_152' title='bbox 1159 4453 1216 4526; x_wconf 92' lang='lat' dir='ltr'>his</span> <span class='ocrx_word' id='word_1_153' title='bbox 1236 4470 1337 4526; x_wconf 92' lang='lat' dir='ltr'>taceo</span> <span class='ocrx_word' id='word_1_154' title='bbox 1358 4455 1420 4550; x_wconf 91' lang='lat' dir='ltr'>qui</span> 
     </span>
    </p>
   </div>
   <div class='ocr_carea' id='block_1_4' title="bbox 0 0 1707 5468">
    <p class='ocr_par' dir='ltr' id='par_1_4' title="bbox 0 0 1707 5468">
     <span class='ocr_line' id='line_1_21' title="bbox 0 0 1707 5468; baseline 0 0"><span class='ocrx_word' id='word_1_155' title='bbox 0 0 1707 5468; x_wconf 95' lang='lat' dir='ltr'> </span> 
     </span>
    </p>
   </div>
  </div>
 </body>
</html>
