3398 5468
750 555 946 625 -66-

232 720 440 818 Eisenberg,
490 724 611 817 1876),
654 725 717 819 qui
764 723 930 795 audacter
989 735 1167 819 negarent
1218 724 1460 820 Propertium,

233 847 411 942 praecipue
455 847 492 916 in
535 870 604 918 suo
642 870 765 919 amore
798 845 1047 932 describendo,
1080 871 1185 919 veros
1215 863 1367 921 eventus
1398 865 1461 922 aut

158 955 160 960 ’
233 991 338 1040 veros
367 970 480 1040 animi
514 969 664 1041 affectus
702 967 945 1042 adumbrasse.
989 972 1058 1041 Pro
1091 969 1341 1043 demonstrato
1375 995 1461 1068 ergo

234 1107 269 1164 et
308 1107 403 1167 certo
438 1086 616 1164 habemus
659 1093 833 1188 Propertii
871 1092 1092 1166 carminibus
1123 1117 1223 1166 veras
1262 1118 1328 1179 res,
1358 1118 1463 1168 veros
1501 1153 1526 1159 .,

236 1238 366 1288 sensus
395 1212 554 1287 subesse.

286 1349 381 1429 Quae
418 1350 447 1420 si
491 1350 539 1420 ita
592 1363 688 1433 sunt,
737 1373 812 1420 non
850 1350 984 1422 mirum
1030 1351 1096 1422 erit
1136 1349 1324 1446 plerasque
1363 1350 1464 1426 illius

236 1471 367 1567 elegias
396 1496 438 1543 ex
467 1472 511 1542 iis
537 1473 651 1551 certis⁴
675 1470 866 1545 eventibus
895 1472 1007 1544 fuisse
1030 1490 1143 1558 ortas,¹
1165 1475 1212 1545 ita
1239 1488 1280 1545 ut
1308 1474 1462 1569 primam

237 1593 381 1666 illarum
407 1593 604 1690 elegiarum
633 1595 831 1680 materiam,
865 1611 900 1666 et
938 1598 1040 1691 quasi
1074 1596 1371 1682 fundamentum,
1408 1621 1464 1670 res

32 1785 36 1792 .
78 1749 80 1753 ·
146 1796 149 1802 ,
237 1716 397 1790 delinitae
440 1718 760 1814 suppeditaverint.
789 1719 843 1790 *Et
884 1742 1002 1791 revera
1039 1705 1219 1815 permulta
1249 1721 1340 1794 facta
1368 1720 1464 1817 apud

237 1824 464 1936 Propertium
494 1841 716 1926 invenimus,
733 1866 751 1914 e
771 1840 907 1937 quibus
934 1843 1051 1938 priora
1081 1844 1195 1939 capita
1221 1843 1463 1917 defluxerunt.

238 1961 436 2056 Cynthiam
472 1987 546 2034 non
589 1962 686 2035 nube
720 1963 947 2049 obvolutam,
988 1964 1114 2036 sedin
1151 1963 1242 2037 clara
1271 1964 1350 2039 luce
1370 1965 1466 2037 vide-

239 2110 357 2172 mus;
389 2087 467 2158 eius
502 2087 695 2184 ingenium
737 2102 771 2158 et
805 2111 924 2161 mores
963 2088 1172 2175 novimus;
1213 2112 1331 2184 neque
1369 2113 1468 2161 amo·

238 2232 321 2279 rum
354 2208 548 2280 decursum
585 2224 620 2280 et
655 2224 820 2280 naturam
864 2211 1086 2306 ignoramus,
1133 2225 1177 2293 et,
1218 2225 1325 2305 poeta
1362 2200 1466 2294 du'c'e,

239 2331 316 2403 eius
350 2332 461 2403 vitam
491 2346 526 2402 et
558 2355 699 2403 amores
731 2330 896 2405 evolvere
927 2333 1128 2427 potuimus.
1156 2333 1209 2422 De
1243 2332 1467 2405 carminibus

192 2501 194 2506 -
240 2476 316 2524 non
354 2451 519 2526 absolute
549 2452 769 2547 Cynthiacis,
799 2479 851 2525 ex.
884 2479 917 2550 g.
945 2453 1002 2525 his
1043 2478 1124 2549 quae
1160 2454 1202 2526 ad
1230 2454 1467 2529 Maecenatem
1551 2455 1555 2463 ’

240 2578 350 2649 missa
374 2593 472 2658 sunt,
502 2575 558 2648 vel
593 2602 668 2649 non
700 2577 897 2662 amatoriis,
938 2601 989 2648 ex.
1024 2602 1056 2673 g.
1100 2580 1258 2650 carmine
1295 2578 1339 2650 de
1378 2563 1493 2650 Mar?

240 2698 320 2771 celli
344 2698 346 2701 ’
368 2715 495 2783 morte,
543 2715 714 2785 tacemus,
767 2724 851 2771 cum
890 2714 1028 2771 certum
1076 2701 1122 2772 sit
1162 2724 1243 2773 vera
1280 2701 1371 2773 facta
1409 2700 1469 2774 his
1551 2688 1553 2691 ’

240 2822 364 2919 elegiis
389 2822 547 2895 subesse.
572 2824 666 2919 Ergo
692 2824 855 2918 positum
895 2823 941 2894 sit
968 2846 1068 2894 veras
1111 2847 1165 2895 res
1211 2825 1249 2894 in
1285 2823 1468 2921 plerisque
1533 2818 1536 2826 ’

239 2947 482 3042 Propertianis
522 2945 743 3018 carminibus
771 2946 1090 3040 contineri,quas
1135 2944 1196 3017 ille
1223 2946 1352 3043 dignas
1386 2971 1469 3043 quae

240 3068 502 3143 celebrarentur
528 3069 758 3154 iudicaverit3
786 3093 827 3140 ex
853 3067 910 3141 his
938 3070 1031 3141 veris
1060 3068 1167 3142 rebus
1191 3068 1360 3166 pleraque
1391 3095 1469 3166 esse

240 3208 327 3275 orta,
345 3208 379 3264 et
395 3193 432 3263 in
450 3191 507 3264 his
523 3209 668 3289 poetam
690 3216 764 3264 suae
785 3193 992 3264 inventioni
1012 3193 1160 3265 firmum
1181 3180 1469 3266 fundamentum

241 3315 421 3388 habuisse.
440 3316 533 3387 Nam
555 3317 585 3387 si
608 3315 764 3410 eosqui
786 3339 883 3387 mera
904 3315 995 3418 facta
1015 3315 1185 3401 referunt,
1202 3339 1327 3388 versus
1353 3317 1471 3388 consi·

240 3438 427 3524 deraveriS,
449 3424 526 3510 non
549 3436 864 3510 contemnendum
885 3462 1082 3510 numerum
1103 3438 1278 3511 invenies.

291 3572 370 3659 Sed,
411 3597 456 3645 ne
482 3573 621 3646 diutius
641 3573 677 3643 in
703 3573 905 3667 quaestione
924 3595 985 3667 per
1004 3596 1040 3643 se
1066 3558 1156 3643 clara
1185 3595 1468 3658 commoremur,
1540 3639 1543 3642 r

243 3699 313 3769 iam
341 3697 505 3769 dicamus
534 3696 762 3791 Propertium
791 3719 831 3766 ea
863 3694 963 3780 facta,
1001 3718 1083 3790 quae
1123 3696 1199 3768 suis
1247 3695 1470 3768 carminibus

242 3821 397 3918 primam
441 3820 627 3893 materiam
668 3818 897 3915 praebuerint,
939 3842 1014 3890 non
1046 3818 1143 3890 nude
1175 3820 1395 3915 exposuisse,
1424 3844 1470 3892 ne

244 3945 346 4039 epico
374 3941 523 4038 quidem
546 3941 671 4026 modo,
702 3940 764 4014 ubi
796 3956 902 4037 poeta
932 3941 969 4012 in
998 3942 1145 4012 materia
1168 3936 1349 4013 dominari
1376 3941 1472 4014 vide·

243 4083 330 4152 tur;
360 4066 421 4138 sed
448 4064 605 4162 elegiaco
633 4089 733 4138 more
754 4065 920 4164 affectus
948 4065 1011 4159 qui
1046 4062 1103 4134 his
1141 4064 1243 4134 lactis
1275 4064 1313 4134 in
1354 4064 1471 4159 ipsius

243 4192 368 4263 animo
402 4191 649 4274 excitarentur,
684 4186 875 4272 addidisse,
908 4201 942 4258 et
981 4186 1065 4258 inde
1098 4186 1189 4257 facta
1228 4210 1368 4258 novum
1396 4210 1471 4282 pre-

243 4315 337 4385 tium
370 4314 505 4408 cepisse
542 4310 641 4408 quod
682 4309 818 4406 ubique
856 4310 898 4382 ad
935 4325 1080 4405 poetam
1124 4309 1347 4380 referrentur.
1388 4309 1469 4381 Hoc

238 4435 389 4508 duobus
419 4435 549 4518 modis,
580 4450 619 4505 ut
648 4458 708 4528 par
738 4450 790 4505 est
812 4432 906 4527 apud
931 4432 1118 4527 elegiacos
1147 4432 1224 4503 fieri
1255 4430 1358 4502 solet.
1392 4430 1469 4502 Aut
1544 4446 1547 4452 ’
