3398 5468
673 558 889 626 ...109-

168 723 281 794 teneri
306 721 475 815 Cynthiae
501 720 608 816 pedes
633 723 664 793 ei
689 722 726 792 in
753 737 913 799 mentem
938 722 1092 792 veniunt
1111 721 1155 815 (l,
1172 724 1204 803 8,
1222 723 1274 815 7).
1292 720 1393 802 Quid

169 844 321 916 nitidius
335 842 396 921 illa
411 844 681 939 comparatione
697 867 768 940 qua
785 867 860 915 snae
875 844 1000 916 amicae
1016 841 1211 925 candidum
1230 841 1341 916 simul
1360 859 1396 917 et
1414 856 1416 860 ‘

131 982 134 987 '
168 990 314 1040 roseum
335 964 493 1055 colorem
518 964 682 1061 depingit
701 966 760 1061 (ll,
780 966 912 1060 3‚12),:

420 1205 542 1300 thue
561 1227 652 1276 rosae
673 1227 764 1303 puro
785 1203 874 1275 lacte
896 1219 1020 1275 natant
1040 1203 1149 1288 folia3

169 1468 279 1539 quam
303 1442 364 1515 illa
387 1442 598 1543 Aquiloniae
618 1442 730 1539 prolis
750 1441 874 1514 oscula
894 1443 1070 1538 carpentis
1089 1440 1299 1522 adumbrata
1322 1466 1397 1515 nar-

169 1565 371 1639 ratiuncula
389 1568 434 1660 (l,
456 1567 542 1663 ao);
565 1590 674 1662 quarn
696 1565 756 1637 illa
776 1566 919 1636 minuta
938 1564 1042 1637 turba
1061 1565 1243 1638 Amorum
1263 1564 1397 1638 faculas

168 1704 203 1760 et
223 1688 411 1785 sagittulas
430 1690 666 1784 gestantium,
683 1689 745 1784 qui
767 1703 912 1784 poetam
932 1686 1119 1760 infidelem
1136 1688 1293 1760 vinculis
1313 1712 1398 1761 one-

169 1827 247 1883 rant
261 1812 322 1906 (ΙΙ,
340 1813 404 1905 29)
418 1812 432 1881 l
447 1813 603 1896 Etenim,
620 1812 705 1883 cur'n
725 1811 813 1884 tales
832 1812 933 1883 locos
949 1810 1150 1896 considero,
1169 1810 1225 1883 his
1246 1810 1398 1883 Alexan-

169 1931 282 2004 drinis
315 1934 464 2029 gratiam
497 1933 821 2031 habendam-puto
851 1935 914 2030 qui
944 1949 1089 2029 poetam
1116 1932 1248 2005 talibus
1279 1934 1397 2006 nervis

169 2053 361 2150 praeditum
383 2056 524 2128 iniectis
542 2055 781 2129 flosculorum
802 2057 947 2128 coronis
968 2057 1228 2128 exornaverint.

220 2194 332 2276 Quod
361 2196 404 2268 ad
435 2220 508 2268 rem
554 2199 739 2269 rnetricarn
776 2199 914 2282 attinet,
962 2197 1005 2269 de
1048 2222 1119 2294 qua
1166 2196 1275 2269 multi
1315 2196 1398 2292 plus

173 2319 295 2391 minus
333 2318 592 2405 disseruerunt,
627 2321 663 2390 L.
700 2295 864 2393 Muelleri
903 2319 1080 2392 iudicium
1115 2319 1232 2392 citabo
1264 2320 1396 2415 (Praet,
1433 2305 1435 2309 ¹

171 2443 309 2545 xnvn):
338 2470 355 2509 c<
381 2443 589 2538 Propertius
615 2445 680 2515 etsi
708 2444 863 2515 eximius
888 2459 941 2515 est
968 2460 1073 2539 poeta
1098 2460 1132 2515 et
1155 2441 1397 2539 elegiacorum

171 2563 272 2636 facile
287 2566 452 2662 princeps
472 2565 681 2661 durioribus
701 2583 822 2638 tamen
840 2566 948 2662 paulo
964 2567 1078 2638 utitur
1098 2567 1272 2650 numeris
1289 2591 1400 2661 quan-

172 2711 282 2782 quam
301 2710 363 2759 eos
383 2704 418 2759 et
438 2689 475 2759 in
502 2688 762 2784 posterioribus
788 2690 968 2784 mitigavit
988 2688 1096 2773 libris,
1120 2706 1155 2760 et
1179 2714 1223 2760 ne
1249 2689 1284 2759 in
1309 2689 1400 2783 prio·

171 2808 271 2881 ribus
297 2809 446 2907 quidem
473 2827 546 2881 tam
571 2809 678 2896 rudes
704 2826 811 2907 atque
840 2810 1000 2882 absonos
1025 2811 1109 2881 fecit
1137 2836 1247 2906 quam
1278 2812 1398 2882 visum

174 2933 375 3005 nonnullis.
393 2933 509 3005 Habet
527 2949 648 3008 tamen
666 2932 785 3030 plures
801 2934 984 3030 spondeos
1005 2960 1113 3031 quam
1134 2934 1306 3006 Tibullus
1326 2936 1400 3006 sive

83 3139 87 3146 ¹
174 3055 379 3130 Ovidius.»
409 3057 488 3127 Hoc
514 3073 656 3139 tantum
684 3056 893 3154 adiungam,
914 3056 957 3128 de
978 3082 1018 3129 ea
1038 3056 1261 3154 polysyllaba
1278 3073 1400 3152 penta-

175 3180 277 3251 metri
297 3179 386 3262 fine,
409 3181 548 3275 quaein
574 3180 692 3275 primo
714 3181 909 3274 praesertim
933 3179 1024 3251 libro
1049 3181 1243 3267 invenitur,
1265 3195 1300 3251 et
1320 3203 1400 3274 quae

174 3299 429 3372 Alexandrinis
445 3299 605 3386 debetur,
621 3300 795 3394 Paleyum
812 3302 888 3372 iure
904 3300 1035 3373 dixisse
1051 3300 1151 3373 illam
1170 3300 1273 3373 nullo
1289 3299 1400 3372 modo

175 3424 365 3497 molestam
388 3448 475 3496 esse.
498 3424 658 3520 Spondei
678 3426 715 3496 in
732 3424 940 3497 hexametro
958 3450 1032 3496 non
1051 3426 1171 3521 plures
1187 3442 1273 3497 sunt
1290 3449 1401 3520 quam

174 3546 269 3643 apud
285 3547 486 3645 Vergilium
506 3551 583 3644 (56,
609 3553 730 3643 50s03
751 3549 869 3644 Verg:
895 3551 937 3642 56
951 3552 1049 3650 v0s03
1070 3549 1197 3637 Pluris,
1213 3551 1310 3620 Me‘tr.
1330 3549 1400 3637 lat,
1520 3547 1521 3552 ’

175 3696 207 3767 p.
229 3675 299 3767 53).
315 3674 533 3745 Pentametri
554 3674 693 3768 optima
712 3673 828 3744 forma
847 3670 922 3765 (ds
943 3673 980 3743 in
998 3674 1113 3769 priore
1134 3675 1250 3769 parte)
1270 3674 1402 3768 saepius

175 3793 269 3890 apud
296 3796 524 3891 Propertium
554 3798 630 3890 (49,
665 3797 791 3890 50s0)
819 3819 929 3889 quam
956 3795 1052 3891 apud
1077 3794 1255 3867 Ovidium
1281 3797 1400 3891 ipsum

176 3919 328 3989 occurrit
348 3919 425 4012 (46,
445 3921 464 3989 6
487 3919 524 3988 in
545 3919 663 3989 Amor.
676 3946 686 4004 ;
707 3933 742 3989 et
762 3939 818 4010 47,
839 3941 852 4009 3
879 3918 915 3989 in
939 3917 1067 4012 Trina).
1088 3916 1259 3990 Tibullus
1280 3934 1402 3989 tarnen

177 4055 320 4135 praestat
340 4042 418 4135 (58,
443 4056 457 4132 5
475 4065 482 4125 ;
502 4039 584 4111 vide
605 4039 731 4123 Plessis,
749 4040 848 4110 Me'tr.
868 4039 938 4124 lul,
954 4062 986 4133 p.
1006 4042 1105 4134 288).
1127 4041 1167 4111 ln
1191 4043 1403 4111 universum
1488 4107 1490 4111 .

176 4164 382 4257 Propertius
417 4187 491 4234 non
526 4178 670 4234 tantum
703 4187 721 4232 a
755 4163 879 4234 ceteris
911 4161 1062 4234 discedit
1090 4187 1200 4257 quam
1231 4162 1404 4235 nonnulli

101 4336 103 4341 ,
177 4301 405 4381 putaverunt.

227 4427 322 4508 Quae
344 4427 373 4499 si
396 4428 521 4498 omnia
548 4451 623 4498 uno
649 4425 781 4498 obtutu
808 4426 1107 4511 consideraveris,
1128 4443 1162 4498 et
1188 4428 1405 4522 reputaveris
1469 4462 1472 4466 ·
