<?xml version="1.0" encoding="UTF-8"?>
<!DOCTYPE html PUBLIC "-//W3C//DTD XHTML 1.0 Transitional//EN"
    "http://www.w3.org/TR/xhtml1/DTD/xhtml1-transitional.dtd">
<html xmlns="http://www.w3.org/1999/xhtml" xml:lang="en" lang="en">
 <head>
  <title>
</title>
<meta http-equiv="Content-Type" content="text/html;charset=utf-8" />
  <meta name='ocr-system' content='tesseract 3.04.00' />
  <meta name='ocr-capabilities' content='ocr_page ocr_carea ocr_par ocr_line ocrx_word'/>
</head>
<body>
  <div class='ocr_page' id='page_1' title='image "./desexpropertiia00bonagoog_0065.png"; bbox 0 0 3398 5468; ppageno 0'>
   <div class='ocr_carea' id='block_1_1' title="bbox 752 525 943 600">
    <p class='ocr_par' dir='ltr' id='par_1_1' title="bbox 752 525 943 600">
     <span class='ocr_line' id='line_1_1' title="bbox 752 525 943 600; baseline 0.005 -42"><span class='ocrx_word' id='word_1_1' title='bbox 752 525 943 600; x_wconf 58' lang='lat'>„52-</span> 
     </span>
    </p>
   </div>
   <div class='ocr_carea' id='block_1_2' title="bbox 234 691 1466 1150">
    <p class='ocr_par' dir='ltr' id='par_1_2' title="bbox 234 691 1466 1150">
     <span class='ocr_line' id='line_1_2' title="bbox 234 691 1465 789; baseline 0.001 -25"><span class='ocrx_word' id='word_1_2' title='bbox 234 710 268 765; x_wconf 92' lang='lat' dir='ltr'>et</span> <span class='ocrx_word' id='word_1_3' title='bbox 296 691 527 764; x_wconf 82' lang='lat' dir='ltr'>hortantibus</span> <span class='ocrx_word' id='word_1_4' title='bbox 560 693 694 776; x_wconf 89' lang='lat' dir='ltr'>amicis,</span> <span class='ocrx_word' id='word_1_5' title='bbox 730 692 797 764; x_wconf 91' lang='lat' dir='ltr'>alia</span> <span class='ocrx_word' id='word_1_6' title='bbox 829 718 947 788; x_wconf 92' lang='lat' dir='ltr'>neque</span> <span class='ocrx_word' id='word_1_7' title='bbox 980 693 1024 766; x_wconf 90' lang='lat' dir='ltr'>ad</span> <span class='ocrx_word' id='word_1_8' title='bbox 1059 717 1221 765; x_wconf 90' lang='lat' dir='ltr'>amorem</span> <span class='ocrx_word' id='word_1_9' title='bbox 1264 696 1465 789; x_wconf 83' lang='lat' dir='ltr'>spectantia</span> 
     </span>
     <span class='ocr_line' id='line_1_3' title="bbox 236 814 1466 913; baseline 0.002 -26"><span class='ocrx_word' id='word_1_10' title='bbox 236 814 392 912; x_wconf 89' lang='lat' dir='ltr'>elegiaco</span> <span class='ocrx_word' id='word_1_11' title='bbox 414 832 529 887; x_wconf 89' lang='lat' dir='ltr'>metro</span> <span class='ocrx_word' id='word_1_12' title='bbox 545 814 752 887; x_wconf 85' lang='lat' dir='ltr'>condidisse</span> <span class='ocrx_word' id='word_1_13' title='bbox 768 817 880 889; x_wconf 83' lang='lat' dir='ltr'>?Haec</span> <span class='ocrx_word' id='word_1_14' title='bbox 894 818 989 888; x_wconf 91' lang='lat' dir='ltr'>varia</span> <span class='ocrx_word' id='word_1_15' title='bbox 1003 833 1307 913; x_wconf 88' lang='lat' dir='ltr'>argumentorum</span> <span class='ocrx_word' id='word_1_16' title='bbox 1333 841 1466 913; x_wconf 90' lang='lat' dir='ltr'>genera</span> 
     </span>
     <span class='ocr_line' id='line_1_4' title="bbox 235 936 1466 1035; baseline 0.002 -27"><span class='ocrx_word' id='word_1_17' title='bbox 235 937 468 1034; x_wconf 86' lang='lat' dir='ltr'>distinguere,</span> <span class='ocrx_word' id='word_1_18' title='bbox 484 953 518 1008; x_wconf 90' lang='lat' dir='ltr'>et</span> <span class='ocrx_word' id='word_1_19' title='bbox 533 936 663 1021; x_wconf 89' lang='lat' dir='ltr'>videre,</span> <span class='ocrx_word' id='word_1_20' title='bbox 680 961 791 1032; x_wconf 93' lang='lat' dir='ltr'>quem</span> <span class='ocrx_word' id='word_1_21' title='bbox 819 940 857 1009; x_wconf 92' lang='lat' dir='ltr'>in</span> <span class='ocrx_word' id='word_1_22' title='bbox 874 962 1023 1034; x_wconf 89' lang='lat' dir='ltr'>quoque</span> <span class='ocrx_word' id='word_1_23' title='bbox 1042 937 1134 1010; x_wconf 89' lang='lat' dir='ltr'>libro</span> <span class='ocrx_word' id='word_1_24' title='bbox 1151 937 1326 1033; x_wconf 87' lang='lat' dir='ltr'>quodque</span> <span class='ocrx_word' id='word_1_25' title='bbox 1345 963 1466 1035; x_wconf 90' lang='lat' dir='ltr'>genus</span> 
     </span>
     <span class='ocr_line' id='line_1_5' title="bbox 236 1057 1068 1150; baseline 0.002 -20"><span class='ocrx_word' id='word_1_26' title='bbox 236 1075 355 1131; x_wconf 89' lang='lat' dir='ltr'>teneat</span> <span class='ocrx_word' id='word_1_27' title='bbox 380 1057 516 1143; x_wconf 87' lang='lat' dir='ltr'>locum,</span> <span class='ocrx_word' id='word_1_28' title='bbox 546 1058 654 1131; x_wconf 92' lang='lat' dir='ltr'>nobis</span> <span class='ocrx_word' id='word_1_29' title='bbox 683 1084 782 1131; x_wconf 91' lang='lat' dir='ltr'>nunc</span> <span class='ocrx_word' id='word_1_30' title='bbox 804 1061 841 1130; x_wconf 92' lang='lat' dir='ltr'>in</span> <span class='ocrx_word' id='word_1_31' title='bbox 858 1062 985 1150; x_wconf 90' lang='lat' dir='ltr'>animo</span> <span class='ocrx_word' id='word_1_32' title='bbox 1004 1076 1068 1132; x_wconf 90' lang='lat' dir='ltr'>est.</span> 
     </span>
    </p>
   </div>
   <div class='ocr_carea' id='block_1_3' title="bbox 136 1168 1531 2391">
    <p class='ocr_par' dir='ltr' id='par_1_3' title="bbox 136 1168 1531 2391">
     <span class='ocr_line' id='line_1_6' title="bbox 283 1168 1464 1290; baseline 0.003 -26"><span class='ocrx_word' id='word_1_33' title='bbox 283 1193 357 1264; x_wconf 92' lang='lat' dir='ltr'>Iam</span> <span class='ocrx_word' id='word_1_34' title='bbox 376 1193 413 1263; x_wconf 91' lang='lat' dir='ltr'>in</span> <span class='ocrx_word' id='word_1_35' title='bbox 433 1193 551 1288; x_wconf 91' lang='lat' dir='ltr'>primo</span> <span class='ocrx_word' id='word_1_36' title='bbox 576 1192 679 1279; x_wconf 91' lang='lat' dir='ltr'>libro,</span> <span class='ocrx_word' id='word_1_37' title='bbox 697 1218 808 1290; x_wconf 93' lang='lat' dir='ltr'>quern</span> <span class='ocrx_word' id='word_1_38' title='bbox 819 1195 1010 1289; x_wconf 88' lang='lat' dir='ltr'>separatim</span> <span class='ocrx_word' id='word_1_39' title='bbox 1025 1195 1138 1266; x_wconf 82' lang='lat' dir='ltr'>fuisse</span> <span class='ocrx_word' id='word_1_40' title='bbox 1154 1168 1295 1266; x_wconf 88' lang='lat' dir='ltr'>editum</span> <span class='ocrx_word' id='word_1_41' title='bbox 1311 1211 1464 1280; x_wconf 89' lang='lat' dir='ltr'>constat,</span> 
     </span>
     <span class='ocr_line' id='line_1_7' title="bbox 237 1313 1466 1417; baseline 0.002 -30"><span class='ocrx_word' id='word_1_42' title='bbox 237 1316 342 1388; x_wconf 90' lang='lat' dir='ltr'>unice</span> <span class='ocrx_word' id='word_1_43' title='bbox 356 1316 540 1388; x_wconf 88' lang='lat' dir='ltr'>amatoriae</span> <span class='ocrx_word' id='word_1_44' title='bbox 569 1313 693 1417; x_wconf 84' lang='lat' dir='ltr'>elegiae</span> <span class='ocrx_word' id='word_1_45' title='bbox 720 1317 860 1400; x_wconf 89' lang='lat' dir='ltr'>insunt,</span> <span class='ocrx_word' id='word_1_46' title='bbox 877 1318 1032 1412; x_wconf 85' lang='lat' dir='ltr'>exceptis</span> <span class='ocrx_word' id='word_1_47' title='bbox 1060 1317 1202 1389; x_wconf 87' lang='lat' dir='ltr'>duabus</span> <span class='ocrx_word' id='word_1_48' title='bbox 1228 1319 1407 1402; x_wconf 84' lang='lat' dir='ltr'>extremis,</span> <span class='ocrx_word' id='word_1_49' title='bbox 1422 1317 1466 1390; x_wconf 87' lang='lat' dir='ltr'>de</span> 
     </span>
     <span class='ocr_line' id='line_1_8' title="bbox 235 1437 1464 1534; baseline 0.001 -24"><span class='ocrx_word' id='word_1_50' title='bbox 235 1438 370 1534; x_wconf 91' lang='lat' dir='ltr'>quibus</span> <span class='ocrx_word' id='word_1_51' title='bbox 407 1437 519 1510; x_wconf 90' lang='lat' dir='ltr'>modo</span> <span class='ocrx_word' id='word_1_52' title='bbox 545 1463 675 1511; x_wconf 91' lang='lat' dir='ltr'>sumus</span> <span class='ocrx_word' id='word_1_53' title='bbox 703 1440 881 1523; x_wconf 89' lang='lat' dir='ltr'>locuturi;</span> <span class='ocrx_word' id='word_1_54' title='bbox 909 1457 944 1512; x_wconf 91' lang='lat' dir='ltr'>et</span> <span class='ocrx_word' id='word_1_55' title='bbox 966 1464 1043 1512; x_wconf 92' lang='lat' dir='ltr'>eam</span> <span class='ocrx_word' id='word_1_56' title='bbox 1079 1441 1192 1513; x_wconf 86' lang='lat' dir='ltr'>fuisse</span> <span class='ocrx_word' id='word_1_57' title='bbox 1213 1465 1358 1513; x_wconf 87' lang='lat' dir='ltr'>causam</span> <span class='ocrx_word' id='word_1_58' title='bbox 1393 1443 1464 1512; x_wconf 85' lang='lat' dir='ltr'>iam</span> 
     </span>
     <span class='ocr_line' id='line_1_9' title="bbox 235 1561 1464 1661; baseline 0.002 -28"><span class='ocrx_word' id='word_1_59' title='bbox 235 1561 405 1646; x_wconf 84' lang='lat' dir='ltr'>diximus,</span> <span class='ocrx_word' id='word_1_60' title='bbox 421 1586 484 1634; x_wconf 87' lang='lat' dir='ltr'>cur</span> <span class='ocrx_word' id='word_1_61' title='bbox 495 1580 601 1658; x_wconf 92' lang='lat' dir='ltr'>poeta</span> <span class='ocrx_word' id='word_1_62' title='bbox 616 1561 770 1659; x_wconf 88' lang='lat' dir='ltr'>elegiam</span> <span class='ocrx_word' id='word_1_63' title='bbox 788 1564 830 1647; x_wconf 92' lang='grc' dir='ltr'>ΙΙ,</span> <span class='ocrx_word' id='word_1_64' title='bbox 850 1585 903 1653; x_wconf 79' lang='grc'>31,</span> <span class='ocrx_word' id='word_1_65' title='bbox 920 1588 1018 1635; x_wconf 91' lang='lat' dir='ltr'>anno</span> <span class='ocrx_word' id='word_1_66' title='bbox 1037 1568 1174 1657; x_wconf 68' lang='lat' dir='ltr'><em>726s28</em></span> <span class='ocrx_word' id='word_1_67' title='bbox 1190 1566 1370 1661; x_wconf 85' lang='lat' dir='ltr'>scriptam,</span> <span class='ocrx_word' id='word_1_68' title='bbox 1389 1589 1464 1635; x_wconf 92' lang='lat' dir='ltr'>non</span> 
     </span>
     <span class='ocr_line' id='line_1_10' title="bbox 235 1683 1466 1783; baseline 0.002 -28"><span class='ocrx_word' id='word_1_69' title='bbox 235 1686 271 1755; x_wconf 94' lang='lat' dir='ltr'>in</span> <span class='ocrx_word' id='word_1_70' title='bbox 301 1683 408 1781; x_wconf 89' lang='lat' dir='ltr'>illum</span> <span class='ocrx_word' id='word_1_71' title='bbox 438 1688 599 1783; x_wconf 91' lang='lat' dir='ltr'>primum</span> <span class='ocrx_word' id='word_1_72' title='bbox 629 1683 764 1758; x_wconf 93' lang='lat' dir='ltr'>librum</span> <span class='ocrx_word' id='word_1_73' title='bbox 811 1687 991 1781; x_wconf 81' lang='lat' dir='ltr'>receperit.</span> <span class='ocrx_word' id='word_1_74' title='bbox 1019 1684 1180 1782; x_wconf 88' lang='lat' dir='ltr'>Elegiam</span> <span class='ocrx_word' id='word_1_75' title='bbox 1211 1688 1236 1758; x_wconf 92' lang='grc' dir='ltr'>Ι.</span> <span class='ocrx_word' id='word_1_76' title='bbox 1271 1710 1314 1758; x_wconf 84' lang='lat'>22</span> <span class='ocrx_word' id='word_1_77' title='bbox 1346 1711 1386 1758; x_wconf 89' lang='lat' dir='ltr'>ea</span> <span class='ocrx_word' id='word_1_78' title='bbox 1421 1686 1466 1758; x_wconf 90' lang='lat' dir='ltr'>de</span> 
     </span>
     <span class='ocr_line' id='line_1_11' title="bbox 235 1807 1531 1904; baseline 0.001 -27"><span class='ocrx_word' id='word_1_79' title='bbox 235 1830 341 1878; x_wconf 91' lang='lat' dir='ltr'>causa</span> <span class='ocrx_word' id='word_1_80' title='bbox 353 1808 471 1903; x_wconf 91' lang='lat' dir='ltr'>primo</span> <span class='ocrx_word' id='word_1_81' title='bbox 489 1807 581 1879; x_wconf 89' lang='lat' dir='ltr'>libro</span> <span class='ocrx_word' id='word_1_82' title='bbox 601 1808 713 1879; x_wconf 88' lang='lat' dir='ltr'>fuisse</span> <span class='ocrx_word' id='word_1_83' title='bbox 730 1809 900 1879; x_wconf 86' lang='lat' dir='ltr'>insertam</span> <span class='ocrx_word' id='word_1_84' title='bbox 917 1824 1061 1902; x_wconf 89' lang='lat' dir='ltr'>apparet</span> <span class='ocrx_word' id='word_1_85' title='bbox 1081 1824 1132 1893; x_wconf 91' lang='lat' dir='ltr'>ut,</span> <span class='ocrx_word' id='word_1_86' title='bbox 1144 1833 1245 1880; x_wconf 91' lang='lat' dir='ltr'>more</span> <span class='ocrx_word' id='word_1_87' title='bbox 1262 1825 1464 1904; x_wconf 89' lang='lat' dir='ltr'>poetarum,</span> <span class='ocrx_word' id='word_1_88' title='bbox 1527 1836 1531 1844; x_wconf 95' lang='lat'><em>·</em></span> 
     </span>
     <span class='ocr_line' id='line_1_12' title="bbox 234 1927 1466 2026; baseline 0.002 -26"><span class='ocrx_word' id='word_1_89' title='bbox 234 1927 403 2001; x_wconf 90' lang='lat' dir='ltr'>lectorem</span> <span class='ocrx_word' id='word_1_90' title='bbox 432 1930 641 2024; x_wconf 87' lang='lat' dir='ltr'>Propertius</span> <span class='ocrx_word' id='word_1_91' title='bbox 672 1953 777 2003; x_wconf 89' lang='lat' dir='ltr'>suam</span> <span class='ocrx_word' id='word_1_92' title='bbox 805 1930 955 2024; x_wconf 84' lang='lat' dir='ltr'>patriam</span> <span class='ocrx_word' id='word_1_93' title='bbox 985 1929 1165 2015; x_wconf 81' lang='lat' dir='ltr'>disceret3</span> <span class='ocrx_word' id='word_1_94' title='bbox 1195 1929 1348 2026; x_wconf 87' lang='lat' dir='ltr'>elegiam</span> <span class='ocrx_word' id='word_1_95' title='bbox 1379 1955 1466 2002; x_wconf 89' lang='lat' dir='ltr'>vero</span> 
     </span>
     <span class='ocr_line' id='line_1_13' title="bbox 234 2049 1466 2149; baseline 0.002 -27"><span class='ocrx_word' id='word_1_96' title='bbox 234 2073 275 2122; x_wconf 88' lang='lat'>21</span> <span class='ocrx_word' id='word_1_97' title='bbox 298 2049 456 2122; x_wconf 88' lang='lat' dir='ltr'>additam</span> <span class='ocrx_word' id='word_1_98' title='bbox 471 2051 584 2122; x_wconf 87' lang='lat' dir='ltr'>fuisse</span> <span class='ocrx_word' id='word_1_99' title='bbox 603 2051 646 2122; x_wconf 89' lang='lat' dir='ltr'>ad</span> <span class='ocrx_word' id='word_1_100' title='bbox 664 2049 1041 2130; x_wconf 76' lang='lat' dir='ltr'>illustrandosuersus</span> <span class='ocrx_word' id='word_1_101' title='bbox 1054 2054 1113 2124; x_wconf 87' lang='lat'>6·8</span> <span class='ocrx_word' id='word_1_102' title='bbox 1134 2054 1321 2148; x_wconf 91' lang='lat' dir='ltr'>sequentis</span> <span class='ocrx_word' id='word_1_103' title='bbox 1341 2051 1466 2149; x_wconf 82' lang='lat' dir='ltr'>elegiae</span> 
     </span>
     <span class='ocr_line' id='line_1_14' title="bbox 232 2173 1466 2272; baseline 0.002 -27"><span class='ocrx_word' id='word_1_104' title='bbox 232 2173 351 2268; x_wconf 93' lang='lat' dir='ltr'>(quod</span> <span class='ocrx_word' id='word_1_105' title='bbox 380 2173 471 2244; x_wconf 90' lang='lat' dir='ltr'>vidit</span> <span class='ocrx_word' id='word_1_106' title='bbox 496 2173 701 2257; x_wconf 90' lang='lat' dir='ltr'>Brandtius,</span> <span class='ocrx_word' id='word_1_107' title='bbox 723 2198 755 2268; x_wconf 95' lang='lat' dir='ltr'>p.</span> <span class='ocrx_word' id='word_1_108' title='bbox 789 2176 863 2268; x_wconf 78' lang='lat'><em>32).</em></span> <span class='ocrx_word' id='word_1_109' title='bbox 893 2176 1042 2248; x_wconf 88' lang='lat' dir='ltr'>Restant</span> <span class='ocrx_word' id='word_1_110' title='bbox 1057 2173 1182 2271; x_wconf 88' lang='lat' dir='ltr'>elegiae</span> <span class='ocrx_word' id='word_1_111' title='bbox 1196 2177 1340 2272; x_wconf 86' lang='lat' dir='ltr'>viginti,</span> <span class='ocrx_word' id='word_1_112' title='bbox 1358 2176 1466 2263; x_wconf 81' lang='lat' dir='ltr'>unice</span> 
     </span>
     <span class='ocr_line' id='line_1_15' title="bbox 136 2282 1518 2391; baseline 0.001 -22"><span class='ocrx_word' id='word_1_113' title='bbox 136 2375 139 2382; x_wconf 64' lang='grc'><em>,</em></span> <span class='ocrx_word' id='word_1_114' title='bbox 233 2282 427 2381; x_wconf 77' lang='lat' dir='ltr'>amatoriae,</span> <span class='ocrx_word' id='word_1_115' title='bbox 441 2319 523 2391; x_wconf 90' lang='lat' dir='ltr'>quae</span> <span class='ocrx_word' id='word_1_116' title='bbox 541 2312 663 2369; x_wconf 85' lang='lat' dir='ltr'>tamen</span> <span class='ocrx_word' id='word_1_117' title='bbox 680 2320 755 2368; x_wconf 91' lang='lat' dir='ltr'>non</span> <span class='ocrx_word' id='word_1_118' title='bbox 772 2313 860 2369; x_wconf 91' lang='lat' dir='ltr'>sunt</span> <span class='ocrx_word' id='word_1_119' title='bbox 880 2298 973 2374; x_wconf 87' lang='lat' dir='ltr'>inter</span> <span class='ocrx_word' id='word_1_120' title='bbox 992 2321 1029 2371; x_wconf 88' lang='lat' dir='ltr'>se</span> <span class='ocrx_word' id='word_1_121' title='bbox 1046 2296 1328 2372; x_wconf 78' lang='lat' dir='ltr'>confundendae.</span> <span class='ocrx_word' id='word_1_122' title='bbox 1384 2334 1388 2342; x_wconf 90' lang='lat'><strong>·</strong></span> <span class='ocrx_word' id='word_1_123' title='bbox 1515 2285 1518 2288; x_wconf 42' lang='grc'><strong><em>’</em></strong></span> 
     </span>
    </p>
   </div>
   <div class='ocr_carea' id='block_1_4' title="bbox 233 2428 1466 3388">
    <p class='ocr_par' dir='ltr' id='par_1_4' title="bbox 233 2428 1466 3388">
     <span class='ocr_line' id='line_1_16' title="bbox 281 2428 1465 2528; baseline 0.002 -24"><span class='ocrx_word' id='word_1_124' title='bbox 281 2432 425 2509; x_wconf 87' lang='lat' dir='ltr'>Etenim</span> <span class='ocrx_word' id='word_1_125' title='bbox 453 2430 577 2526; x_wconf 84' lang='lat' dir='ltr'>elegiae</span> <span class='ocrx_word' id='word_1_126' title='bbox 593 2455 653 2509; x_wconf 79' lang='lat' dir='ltr'>sex</span> <span class='ocrx_word' id='word_1_127' title='bbox 676 2431 719 2503; x_wconf 92' lang='lat' dir='ltr'>ad</span> <span class='ocrx_word' id='word_1_128' title='bbox 736 2431 933 2525; x_wconf 88' lang='lat' dir='ltr'>Cynthiam</span> <span class='ocrx_word' id='word_1_129' title='bbox 957 2433 1071 2527; x_wconf 86' lang='lat' dir='ltr'>ipsam</span> <span class='ocrx_word' id='word_1_130' title='bbox 1099 2433 1219 2509; x_wconf 86' lang='lat' dir='ltr'>missae</span> <span class='ocrx_word' id='word_1_131' title='bbox 1250 2449 1338 2507; x_wconf 90' lang='lat' dir='ltr'>sunt</span> <span class='ocrx_word' id='word_1_132' title='bbox 1360 2428 1465 2528; x_wconf 89' lang='lat' dir='ltr'>(vide</span> 
     </span>
     <span class='ocr_line' id='line_1_17' title="bbox 234 2551 1464 2650; baseline 0 -23"><span class='ocrx_word' id='word_1_133' title='bbox 234 2571 393 2633; x_wconf 90' lang='lat' dir='ltr'>ceterum</span> <span class='ocrx_word' id='word_1_134' title='bbox 407 2577 489 2649; x_wconf 88' lang='lat' dir='ltr'>quae</span> <span class='ocrx_word' id='word_1_135' title='bbox 509 2551 692 2631; x_wconf 84' lang='lat' dir='ltr'>Scharfius</span> <span class='ocrx_word' id='word_1_136' title='bbox 706 2579 738 2650; x_wconf 94' lang='lat' dir='ltr'>p.</span> <span class='ocrx_word' id='word_1_137' title='bbox 757 2577 854 2646; x_wconf 78' lang='lat'>11·43</span> <span class='ocrx_word' id='word_1_138' title='bbox 873 2554 917 2628; x_wconf 93' lang='lat' dir='ltr'>de</span> <span class='ocrx_word' id='word_1_139' title='bbox 928 2556 1153 2650; x_wconf 87' lang='lat' dir='ltr'>argumentis</span> <span class='ocrx_word' id='word_1_140' title='bbox 1165 2557 1373 2650; x_wconf 85' lang='lat' dir='ltr'>scripserit),</span> <span class='ocrx_word' id='word_1_141' title='bbox 1387 2555 1464 2631; x_wconf 86' lang='lat' dir='ltr'>scil.</span> 
     </span>
     <span class='ocr_line' id='line_1_18' title="bbox 234 2676 1464 2778; baseline 0 -27"><span class='ocrx_word' id='word_1_142' title='bbox 234 2701 265 2762; x_wconf 87' lang='lat'>2,</span> <span class='ocrx_word' id='word_1_143' title='bbox 283 2680 316 2762; x_wconf 87' lang='lat'>8,</span> <span class='ocrx_word' id='word_1_144' title='bbox 346 2695 549 2770; x_wconf 81' lang='lat'>11,15,17.</span> <span class='ocrx_word' id='word_1_145' title='bbox 578 2699 630 2768; x_wconf 90' lang='lat'>19.</span> <span class='ocrx_word' id='word_1_146' title='bbox 659 2677 766 2762; x_wconf 85' lang='lat' dir='ltr'>Octo,</span> <span class='ocrx_word' id='word_1_147' title='bbox 789 2678 957 2773; x_wconf 86' lang='lat' dir='ltr'>quamvis</span> <span class='ocrx_word' id='word_1_148' title='bbox 987 2702 1062 2750; x_wconf 90' lang='lat' dir='ltr'>non</span> <span class='ocrx_word' id='word_1_149' title='bbox 1091 2676 1134 2749; x_wconf 92' lang='lat' dir='ltr'>ad</span> <span class='ocrx_word' id='word_1_150' title='bbox 1161 2677 1321 2773; x_wconf 88' lang='lat' dir='ltr'>puellam</span> <span class='ocrx_word' id='word_1_151' title='bbox 1347 2679 1464 2778; x_wconf 89' lang='lat' dir='ltr'>ipsam</span> 
     </span>
     <span class='ocr_line' id='line_1_19' title="bbox 234 2798 1464 2896; baseline -0.001 -22"><span class='ocrx_word' id='word_1_152' title='bbox 234 2800 354 2876; x_wconf 86' lang='lat' dir='ltr'>missae</span> <span class='ocrx_word' id='word_1_153' title='bbox 381 2800 528 2887; x_wconf 84' lang='lat' dir='ltr'>fuerint,</span> <span class='ocrx_word' id='word_1_154' title='bbox 551 2816 673 2878; x_wconf 87' lang='lat' dir='ltr'>tamen</span> <span class='ocrx_word' id='word_1_155' title='bbox 702 2801 739 2877; x_wconf 89' lang='lat' dir='ltr'>in</span> <span class='ocrx_word' id='word_1_156' title='bbox 763 2798 884 2896; x_wconf 88' lang='lat' dir='ltr'>puella</span> <span class='ocrx_word' id='word_1_157' title='bbox 916 2816 951 2875; x_wconf 90' lang='lat' dir='ltr'>et</span> <span class='ocrx_word' id='word_1_158' title='bbox 978 2823 1101 2876; x_wconf 87' lang='lat' dir='ltr'>amore</span> <span class='ocrx_word' id='word_1_159' title='bbox 1128 2815 1245 2896; x_wconf 86' lang='lat' dir='ltr'>poetae</span> <span class='ocrx_word' id='word_1_160' title='bbox 1262 2816 1464 2893; x_wconf 79' lang='lat' dir='ltr'>versantur,</span> 
     </span>
     <span class='ocr_line' id='line_1_20' title="bbox 233 2911 1464 3016; baseline 0.003 -20"><span class='ocrx_word' id='word_1_161' title='bbox 233 2911 309 2998; x_wconf 85' lang='lat' dir='ltr'>scil.</span> <span class='ocrx_word' id='word_1_162' title='bbox 336 2946 364 3008; x_wconf 89' lang='lat'>1,</span> <span class='ocrx_word' id='word_1_163' title='bbox 387 2946 417 3014; x_wconf 84' lang='lat'>3,</span> <span class='ocrx_word' id='word_1_164' title='bbox 439 2945 472 3013; x_wconf 82' lang='lat'>4,</span> <span class='ocrx_word' id='word_1_165' title='bbox 489 2941 519 3016; x_wconf 84' lang='lat'>5,</span> <span class='ocrx_word' id='word_1_166' title='bbox 541 2925 573 3009; x_wconf 87' lang='lat'>6,</span> <span class='ocrx_word' id='word_1_167' title='bbox 595 2945 647 3006; x_wconf 85' lang='lat'>12,</span> <span class='ocrx_word' id='word_1_168' title='bbox 673 2925 789 3015; x_wconf 58' lang='lat'><em>1418</em></span> <span class='ocrx_word' id='word_1_169' title='bbox 815 2923 853 3016; x_wconf 91' lang='lat' dir='ltr'>(e</span> <span class='ocrx_word' id='word_1_170' title='bbox 880 2921 1016 3016; x_wconf 92' lang='lat' dir='ltr'>quibus</span> <span class='ocrx_word' id='word_1_171' title='bbox 1052 2944 1079 3004; x_wconf 88' lang='lat' dir='ltr'>r,</span> <span class='ocrx_word' id='word_1_172' title='bbox 1104 2925 1136 3006; x_wconf 85' lang='lat'>6,</span> <span class='ocrx_word' id='word_1_173' title='bbox 1169 2945 1212 3012; x_wconf 82' lang='lat'>14</span> <span class='ocrx_word' id='word_1_174' title='bbox 1240 2922 1283 2995; x_wconf 88' lang='lat' dir='ltr'>ad</span> <span class='ocrx_word' id='word_1_175' title='bbox 1310 2922 1464 3000; x_wconf 85' lang='lat' dir='ltr'>Tullum</span> 
     </span>
     <span class='ocr_line' id='line_1_21' title="bbox 235 3043 1466 3143; baseline 0.003 -27"><span class='ocrx_word' id='word_1_176' title='bbox 235 3046 354 3122; x_wconf 88' lang='lat' dir='ltr'>missae</span> <span class='ocrx_word' id='word_1_177' title='bbox 375 3063 473 3132; x_wconf 91' lang='lat' dir='ltr'>sunt,</span> <span class='ocrx_word' id='word_1_178' title='bbox 490 3067 513 3136; x_wconf 81' lang='lat'><strong>4</strong></span> <span class='ocrx_word' id='word_1_179' title='bbox 530 3045 574 3121; x_wconf 89' lang='lat' dir='ltr'>ad</span> <span class='ocrx_word' id='word_1_180' title='bbox 597 3046 793 3140; x_wconf 18' lang='lat' dir='ltr'>Bassum-5</span> <span class='ocrx_word' id='word_1_181' title='bbox 812 3044 857 3121; x_wconf 88' lang='lat' dir='ltr'>ad</span> <span class='ocrx_word' id='word_1_182' title='bbox 871 3043 1032 3133; x_wconf 87' lang='lat' dir='ltr'>Gallum,</span> <span class='ocrx_word' id='word_1_183' title='bbox 1045 3067 1086 3120; x_wconf 87' lang='lat'>12</span> <span class='ocrx_word' id='word_1_184' title='bbox 1103 3046 1146 3121; x_wconf 90' lang='lat' dir='ltr'>ad</span> <span class='ocrx_word' id='word_1_185' title='bbox 1161 3046 1322 3123; x_wconf 88' lang='lat' dir='ltr'>amicum</span> <span class='ocrx_word' id='word_1_186' title='bbox 1339 3070 1466 3143; x_wconf 85' lang='lat' dir='ltr'>quern-</span> 
     </span>
     <span class='ocr_line' id='line_1_22' title="bbox 233 3166 1466 3264; baseline 0.004 -26"><span class='ocrx_word' id='word_1_187' title='bbox 233 3191 402 3264; x_wconf 85' lang='lat' dir='ltr'>cumque,</span> <span class='ocrx_word' id='word_1_188' title='bbox 433 3193 447 3261; x_wconf 87' lang='grc'>3</span> <span class='ocrx_word' id='word_1_189' title='bbox 478 3185 512 3246; x_wconf 87' lang='lat' dir='ltr'>et</span> <span class='ocrx_word' id='word_1_190' title='bbox 535 3171 577 3243; x_wconf 84' lang='lat'>18</span> <span class='ocrx_word' id='word_1_191' title='bbox 598 3183 743 3264; x_wconf 87' lang='lat' dir='ltr'>poetam</span> <span class='ocrx_word' id='word_1_192' title='bbox 758 3166 941 3243; x_wconf 85' lang='lat' dir='ltr'>inducunt</span> <span class='ocrx_word' id='word_1_193' title='bbox 956 3191 1082 3258; x_wconf 82' lang='lat' dir='ltr'>secum</span> <span class='ocrx_word' id='word_1_194' title='bbox 1103 3166 1348 3262; x_wconf 87' lang='lat' dir='ltr'>loquentem).</span> <span class='ocrx_word' id='word_1_195' title='bbox 1368 3168 1466 3244; x_wconf 87' lang='lat' dir='ltr'>Sunt</span> 
     </span>
     <span class='ocr_line' id='line_1_23' title="bbox 234 3289 1303 3388; baseline 0.004 -28"><span class='ocrx_word' id='word_1_196' title='bbox 234 3291 346 3387; x_wconf 88' lang='lat' dir='ltr'>igitur</span> <span class='ocrx_word' id='word_1_197' title='bbox 370 3314 412 3384; x_wconf 80' lang='lat'>14</span> <span class='ocrx_word' id='word_1_198' title='bbox 428 3292 551 3388; x_wconf 86' lang='lat' dir='ltr'>elegiae</span> <span class='ocrx_word' id='word_1_199' title='bbox 566 3307 684 3387; x_wconf 89' lang='lat' dir='ltr'>aperte</span> <span class='ocrx_word' id='word_1_200' title='bbox 699 3289 743 3363; x_wconf 92' lang='lat' dir='ltr'>de</span> <span class='ocrx_word' id='word_1_201' title='bbox 759 3306 876 3386; x_wconf 86' lang='lat' dir='ltr'>poetae</span> <span class='ocrx_word' id='word_1_202' title='bbox 892 3289 1080 3365; x_wconf 89' lang='lat' dir='ltr'>amoribus</span> <span class='ocrx_word' id='word_1_203' title='bbox 1099 3306 1303 3366; x_wconf 85' lang='lat' dir='ltr'>tractantes.</span> 
     </span>
    </p>
   </div>
   <div class='ocr_carea' id='block_1_5' title="bbox 232 3423 1464 4506">
    <p class='ocr_par' dir='ltr' id='par_1_5' title="bbox 232 3423 1464 4506">
     <span class='ocr_line' id='line_1_24' title="bbox 281 3423 1463 3527; baseline 0.003 -32"><span class='ocrx_word' id='word_1_204' title='bbox 281 3425 355 3500; x_wconf 86' lang='lat' dir='ltr'>Iam</span> <span class='ocrx_word' id='word_1_205' title='bbox 371 3444 568 3527; x_wconf 85' lang='lat' dir='ltr'>supersunt</span> <span class='ocrx_word' id='word_1_206' title='bbox 587 3441 730 3502; x_wconf 87' lang='lat' dir='ltr'>tanturn</span> <span class='ocrx_word' id='word_1_207' title='bbox 752 3449 813 3500; x_wconf 89' lang='lat' dir='ltr'>sex</span> <span class='ocrx_word' id='word_1_208' title='bbox 826 3423 959 3521; x_wconf 83' lang='lat' dir='ltr'>elegiae,</span> <span class='ocrx_word' id='word_1_209' title='bbox 978 3423 1052 3500; x_wconf 85' lang='lat' dir='ltr'>scil.</span> <span class='ocrx_word' id='word_1_210' title='bbox 1072 3444 1103 3516; x_wconf 85' lang='lat'>7,</span> <span class='ocrx_word' id='word_1_211' title='bbox 1121 3446 1152 3514; x_wconf 90' lang='lat'>9,</span> <span class='ocrx_word' id='word_1_212' title='bbox 1179 3446 1232 3509; x_wconf 90' lang='lat' dir='ltr'>ro,</span> <span class='ocrx_word' id='word_1_213' title='bbox 1253 3447 1305 3514; x_wconf 79' lang='lat'>13,</span> <span class='ocrx_word' id='word_1_214' title='bbox 1328 3429 1381 3510; x_wconf 90' lang='lat'>16,</span> <span class='ocrx_word' id='word_1_215' title='bbox 1404 3448 1463 3508; x_wconf 87' lang='lat'>20,</span> 
     </span>
     <span class='ocr_line' id='line_1_25' title="bbox 233 3545 1464 3643; baseline 0.005 -25"><span class='ocrx_word' id='word_1_216' title='bbox 233 3546 403 3643; x_wconf 90' lang='lat' dir='ltr'>equibus</span> <span class='ocrx_word' id='word_1_217' title='bbox 419 3549 490 3626; x_wconf 88' lang='lat' dir='ltr'>iam</span> <span class='ocrx_word' id='word_1_218' title='bbox 504 3548 758 3633; x_wconf 74' lang='lat' dir='ltr'>indicavimus</span> <span class='ocrx_word' id='word_1_219' title='bbox 778 3547 1036 3643; x_wconf 85' lang='lat' dir='ltr'>Herabergum,</span> <span class='ocrx_word' id='word_1_220' title='bbox 1049 3545 1279 3638; x_wconf 85' lang='lat' dir='ltr'>Knauthium</span> <span class='ocrx_word' id='word_1_221' title='bbox 1295 3548 1348 3642; x_wconf 91' lang='lat' dir='ltr'>(p.</span> <span class='ocrx_word' id='word_1_222' title='bbox 1366 3548 1408 3643; x_wconf 89' lang='lat'>8)</span> <span class='ocrx_word' id='word_1_223' title='bbox 1427 3565 1464 3625; x_wconf 88' lang='lat' dir='ltr'>et</span> 
     </span>
     <span class='ocr_line' id='line_1_26' title="bbox 233 3667 1463 3775; baseline 0.002 -34"><span class='ocrx_word' id='word_1_224' title='bbox 233 3667 501 3775; x_wconf 87' lang='lat' dir='ltr'>Scharfiunr(p.</span> <span class='ocrx_word' id='word_1_225' title='bbox 520 3672 581 3765; x_wconf 83' lang='lat'>13)</span> <span class='ocrx_word' id='word_1_226' title='bbox 594 3670 718 3754; x_wconf 84' lang='lat' dir='ltr'>secuti,</span> <span class='ocrx_word' id='word_1_227' title='bbox 734 3667 887 3765; x_wconf 82' lang='lat' dir='ltr'>elegiam</span> <span class='ocrx_word' id='word_1_228' title='bbox 906 3673 959 3753; x_wconf 88' lang='lat'>16,</span> <span class='ocrx_word' id='word_1_229' title='bbox 976 3669 1014 3746; x_wconf 91' lang='lat' dir='ltr'>in</span> <span class='ocrx_word' id='word_1_230' title='bbox 1041 3692 1112 3763; x_wconf 91' lang='lat' dir='ltr'>qua</span> <span class='ocrx_word' id='word_1_231' title='bbox 1145 3669 1253 3745; x_wconf 88' lang='lat' dir='ltr'>ianua</span> <span class='ocrx_word' id='word_1_232' title='bbox 1286 3667 1463 3764; x_wconf 90' lang='lat' dir='ltr'>loquitur,</span> 
     </span>
     <span class='ocr_line' id='line_1_27' title="bbox 232 3789 1462 3887; baseline 0 -23"><span class='ocrx_word' id='word_1_233' title='bbox 232 3791 276 3869; x_wconf 88' lang='lat' dir='ltr'>ad</span> <span class='ocrx_word' id='word_1_234' title='bbox 294 3806 411 3887; x_wconf 83' lang='lat' dir='ltr'>poetae</span> <span class='ocrx_word' id='word_1_235' title='bbox 427 3816 589 3870; x_wconf 85' lang='lat' dir='ltr'>amorem</span> <span class='ocrx_word' id='word_1_236' title='bbox 606 3816 683 3866; x_wconf 90' lang='lat' dir='ltr'>esse</span> <span class='ocrx_word' id='word_1_237' title='bbox 705 3790 938 3876; x_wconf 85' lang='lat' dir='ltr'>referendam,</span> <span class='ocrx_word' id='word_1_238' title='bbox 952 3814 1036 3864; x_wconf 85' lang='lat' dir='ltr'>curn</span> <span class='ocrx_word' id='word_1_239' title='bbox 1058 3789 1181 3886; x_wconf 88' lang='lat' dir='ltr'>elegiae</span> <span class='ocrx_word' id='word_1_240' title='bbox 1210 3792 1357 3865; x_wconf 86' lang='lat' dir='ltr'>materia</span> <span class='ocrx_word' id='word_1_241' title='bbox 1385 3817 1462 3870; x_wconf 90' lang='lat' dir='ltr'>non</span> 
     </span>
     <span class='ocr_line' id='line_1_28' title="bbox 232 3913 1459 4009; baseline 0 -24"><span class='ocrx_word' id='word_1_242' title='bbox 232 3915 324 3997; x_wconf 83' lang='lat' dir='ltr'>ficta,</span> <span class='ocrx_word' id='word_1_243' title='bbox 343 3914 405 3993; x_wconf 89' lang='lat' dir='ltr'>sed</span> <span class='ocrx_word' id='word_1_244' title='bbox 418 3939 499 3989; x_wconf 89' lang='lat' dir='ltr'>vera</span> <span class='ocrx_word' id='word_1_245' title='bbox 515 3914 680 3993; x_wconf 87' lang='lat' dir='ltr'>habenda</span> <span class='ocrx_word' id='word_1_246' title='bbox 692 3916 748 3990; x_wconf 90' lang='lat' dir='ltr'>sit.</span> <span class='ocrx_word' id='word_1_247' title='bbox 766 3913 860 3988; x_wconf 89' lang='lat' dir='ltr'>Sunt</span> <span class='ocrx_word' id='word_1_248' title='bbox 874 3914 992 4009; x_wconf 49' lang='lat' dir='ltr'>igitur,</span> <span class='ocrx_word' id='word_1_249' title='bbox 1012 3937 1087 3987; x_wconf 89' lang='lat' dir='ltr'>non</span> <span class='ocrx_word' id='word_1_250' title='bbox 1115 3913 1186 3988; x_wconf 91' lang='lat' dir='ltr'>iarn</span> <span class='ocrx_word' id='word_1_251' title='bbox 1208 3936 1260 4003; x_wconf 83' lang='lat'>14,</span> <span class='ocrx_word' id='word_1_252' title='bbox 1272 3937 1398 3993; x_wconf 87' lang='lat' dir='ltr'>verum</span> <span class='ocrx_word' id='word_1_253' title='bbox 1420 3934 1459 4009; x_wconf 81' lang='lat'>15</span> 
     </span>
     <span class='ocr_line' id='line_1_29' title="bbox 233 4035 1464 4132; baseline 0.002 -25"><span class='ocrx_word' id='word_1_254' title='bbox 233 4035 357 4131; x_wconf 82' lang='lat' dir='ltr'>elegiae</span> <span class='ocrx_word' id='word_1_255' title='bbox 395 4035 439 4109; x_wconf 89' lang='lat' dir='ltr'>ad</span> <span class='ocrx_word' id='word_1_256' title='bbox 470 4037 645 4132; x_wconf 89' lang='lat' dir='ltr'>Propertii</span> <span class='ocrx_word' id='word_1_257' title='bbox 686 4058 827 4110; x_wconf 83' lang='lat' dir='ltr'>amores</span> <span class='ocrx_word' id='word_1_258' title='bbox 864 4050 1076 4129; x_wconf 87' lang='lat' dir='ltr'>spectantes.</span> <span class='ocrx_word' id='word_1_259' title='bbox 1108 4035 1135 4105; x_wconf 88' lang='lat' dir='ltr'><strong>E</strong></span> <span class='ocrx_word' id='word_1_260' title='bbox 1172 4036 1347 4129; x_wconf 90' lang='lat' dir='ltr'>quinque,</span> <span class='ocrx_word' id='word_1_261' title='bbox 1380 4060 1464 4130; x_wconf 71' lang='lat' dir='ltr'>quae</span> 
     </span>
     <span class='ocr_line' id='line_1_30' title="bbox 234 4156 1464 4256; baseline 0.002 -27"><span class='ocrx_word' id='word_1_262' title='bbox 234 4174 378 4237; x_wconf 81' lang='lat' dir='ltr'>restant.</span> <span class='ocrx_word' id='word_1_263' title='bbox 399 4159 534 4256; x_wconf 88' lang='lat' dir='ltr'>elegiis,</span> <span class='ocrx_word' id='word_1_264' title='bbox 560 4184 603 4234; x_wconf 91' lang='lat'>10</span> <span class='ocrx_word' id='word_1_265' title='bbox 619 4175 654 4235; x_wconf 89' lang='lat' dir='ltr'>et</span> <span class='ocrx_word' id='word_1_266' title='bbox 677 4158 783 4249; x_wconf 84' lang='lat' dir='ltr'>13,ad</span> <span class='ocrx_word' id='word_1_267' title='bbox 795 4157 945 4229; x_wconf 87' lang='lat' dir='ltr'>Gallum</span> <span class='ocrx_word' id='word_1_268' title='bbox 968 4159 1148 4241; x_wconf 86' lang='lat' dir='ltr'>m·issae,in</span> <span class='ocrx_word' id='word_1_269' title='bbox 1164 4156 1260 4231; x_wconf 88' lang='lat' dir='ltr'>Galli</span> <span class='ocrx_word' id='word_1_270' title='bbox 1275 4157 1464 4231; x_wconf 89' lang='lat' dir='ltr'>amoribus</span> 
     </span>
     <span class='ocr_line' id='line_1_31' title="bbox 232 4278 1462 4377; baseline 0.003 -25"><span class='ocrx_word' id='word_1_271' title='bbox 232 4298 430 4368; x_wconf 88' lang='lat' dir='ltr'>versantur,</span> <span class='ocrx_word' id='word_1_272' title='bbox 458 4285 506 4354; x_wconf 89' lang='lat' dir='ltr'>ita</span> <span class='ocrx_word' id='word_1_273' title='bbox 524 4298 646 4356; x_wconf 90' lang='lat' dir='ltr'>tamen</span> <span class='ocrx_word' id='word_1_274' title='bbox 664 4297 705 4358; x_wconf 92' lang='lat' dir='ltr'>ut</span> <span class='ocrx_word' id='word_1_275' title='bbox 723 4296 829 4377; x_wconf 89' lang='lat' dir='ltr'>poeta</span> <span class='ocrx_word' id='word_1_276' title='bbox 862 4281 1020 4354; x_wconf 90' lang='lat' dir='ltr'>amicum</span> <span class='ocrx_word' id='word_1_277' title='bbox 1050 4278 1242 4376; x_wconf 89' lang='lat' dir='ltr'>alloquens</span> <span class='ocrx_word' id='word_1_278' title='bbox 1268 4304 1305 4352; x_wconf 88' lang='lat' dir='ltr'>se</span> <span class='ocrx_word' id='word_1_279' title='bbox 1340 4281 1462 4375; x_wconf 82' lang='lat' dir='ltr'>ipsum</span> 
     </span>
     <span class='ocr_line' id='line_1_32' title="bbox 233 4401 1464 4506; baseline 0.002 -32"><span class='ocrx_word' id='word_1_280' title='bbox 233 4405 407 4506; x_wconf 84' lang='lat' dir='ltr'>respiciat,</span> <span class='ocrx_word' id='word_1_281' title='bbox 427 4422 462 4477; x_wconf 90' lang='lat' dir='ltr'>et</span> <span class='ocrx_word' id='word_1_282' title='bbox 487 4407 523 4483; x_wconf 89' lang='lat' dir='ltr'>in</span> <span class='ocrx_word' id='word_1_283' title='bbox 540 4405 600 4478; x_wconf 92' lang='lat' dir='ltr'>illa</span> <span class='ocrx_word' id='word_1_284' title='bbox 620 4403 768 4481; x_wconf 87' lang='lat' dir='ltr'>Gallum</span> <span class='ocrx_word' id='word_1_285' title='bbox 797 4401 933 4487; x_wconf 87' lang='lat' dir='ltr'>doceat,</span> <span class='ocrx_word' id='word_1_286' title='bbox 952 4426 1034 4503; x_wconf 84' lang='lat' dir='ltr'>quae</span> <span class='ocrx_word' id='word_1_287' title='bbox 1054 4427 1090 4475; x_wconf 88' lang='lat' dir='ltr'>se</span> <span class='ocrx_word' id='word_1_288' title='bbox 1113 4402 1272 4500; x_wconf 88' lang='lat' dir='ltr'>Cynthia</span> <span class='ocrx_word' id='word_1_289' title='bbox 1299 4403 1464 4483; x_wconf 85' lang='lat' dir='ltr'>docuerit</span> 
     </span>
    </p>
   </div>
   <div class='ocr_carea' id='block_1_6' title="bbox 0 0 1704 5468">
    <p class='ocr_par' dir='ltr' id='par_1_6' title="bbox 0 0 1704 5468">
     <span class='ocr_line' id='line_1_33' title="bbox 0 0 1704 5468; baseline 0 0"><span class='ocrx_word' id='word_1_290' title='bbox 0 0 1704 5468; x_wconf 95' lang='lat' dir='ltr'> </span> 
     </span>
    </p>
   </div>
  </div>
 </body>
</html>
