3398 5468
695 622 742 635 ...-
772 600 813 677 57
842 628 888 638 .-

177 792 284 866 posse
300 768 394 840 dicat
408 768 461 861 (v.
479 767 553 860 18),
571 767 606 836 in
625 766 810 863 trigesima
826 784 951 864 quarta
972 766 1175 865 Vergilium
1204 764 1275 837 hoc
1298 768 1403 861 opus,

178 892 277 988 quod
306 913 389 962 ase
414 905 650 984 reposcerent,
679 887 747 961 sibi
773 893 972 987 sumpsisse
999 890 1162 974 declaret,
1189 888 1408 960 duodecima

178 1014 274 1099 dicit,
301 1014 331 1086 si
354 1013 431 1108 ipse
458 1010 501 1083 ab
531 1010 668 1083 Amore
697 1007 857 1108 perditus
878 1012 997 1099 luerit,
1023 1007 1209 1086 neminem
1239 1010 1316 1082 fote
1342 1011 1406 1106 qui

178 1152 391 1236 argumenta
409 1135 583 1207 amatoria
605 1137 864 1209 convenienter
887 1150 1015 1222 cantet,
1039 1160 1070 1207 ν.
1093 1156 1224 1208 arna:
1409 1121 1411 1123 ¹

303 1393 427 1474 Quam
456 1392 485 1462 si
513 1388 718 1485 perdideris,
741 1392 824 1486 quis
850 1392 917 1463 etit
943 1393 1006 1487 qui
1033 1391 1117 1464 talia
1142 1393 1287 1463 cantet?
1339 1439 1342 1445 -

350 1515 456 1610 (Haec
483 1533 563 1584 mea
588 1514 693 1584 Musa
722 1512 811 1586 levis
838 1512 954 1610 gloria
981 1534 1112 1611 magna
1138 1527 1201 1585 tua
1222 1515 1309 1608 est).

104 1765 106 1768 ’
182 1772 335 1844 Constat
355 1766 466 1866 igitur
486 1769 715 1865 Propertium
741 1765 890 1841 secundi
918 1766 998 1841 libri
1022 1782 1186 1865 tempore
1210 1782 1245 1841 et
1267 1769 1411 1841 heroica

181 1909 394 1991 argumenta
414 1893 593 1988 respuisse
609 1907 644 1964 et
659 1891 727 1964 sibi
746 1893 784 1964 in
804 1893 922 1988 poetis
941 1890 1107 1990 elegiacis
1130 1913 1205 1965 non
1229 1890 1409 1964 humilem

183 2016 306 2088 locum
328 2013 510 2087 tribuisse.

188 2176 197 2181 ··
231 2141 353 2213 Restat
373 2153 414 2210 ut
436 2137 601 2209 dicamus
627 2158 690 2208 cur
716 2134 963 2210 nihilominus
992 2138 1151 2210 carmina
1180 2155 1223 2210 ro
1244 2153 1278 2210 et
1300 2156 1340 2227 31
1373 2139 1410 2209 in

183 2260 344 2334 secundo
361 2259 452 2332 libro
480 2260 710 2356 reperiantur.
738 2260 860 2332 Nemo
881 2261 959 2332 sine
986 2259 1111 2356 aliquo
1132 2283 1208 2332 suae
1238 2256 1412 2332 libertatis

183 2385 320 2456 damno
339 2383 377 2454 in
398 2402 616 2479 magnorum
640 2383 902 2454 commercium
928 2384 1041 2455 venit.
1057 2383 1127 2467 Tu,
1151 2384 1188 2454 in
1215 2383 1412 2455 amicitiam

185 2526 312 2603 regum
328 2520 502 2601 receptus,
518 2521 552 2576 te
568 2499 725 2577 liberum
741 2528 818 2577 esse
835 2505 959 2591 crediS,
981 2520 1016 2578 et
1042 2520 1108 2579 tuo
1122 2504 1281 2578 arbitrio
1298 2528 1411 2603 agere.

184 2630 463 2725 Nonnunquam
485 2643 608 2698 tamen
636 2629 813 2700 rationem
842 2621 987 2700 reddere
1021 2622 1141 2713 debes
1171 2652 1235 2700 cur
1254 2629 1304 2700 sic
1325 2616 1415 2725 'agas

184 2747 303 2848 (quod
331 2752 454 2848 elegiae
486 2769 498 2821 1
530 2766 565 2820 et
594 2769 638 2840 34
663 2750 879 2843 testantur);
908 2765 1029 2821 tamen
1058 2746 1124 2821 tibi
1151 2745 1277 2845 aliquo
1300 2750 1414 2822 modo
1461 2831 1464 2837 ,

185 2873 340 2946 aliorum
354 2870 610 2944 benevolentia
627 2870 855 2966 rependenda
871 2888 945 2958 est;
964 2869 1062 2967 quod
1079 2872 1192 2944 sensit
1206 2873 1415 2968 Propertius

185 2999 248 3092 qui
269 2998 384 3092 prima
402 2995 516 3091 elegia
531 2990 617 3066 dicit
633 3017 680 3078 se,
696 2995 724 3065 si
741 2995 840 3091 epica
866 2997 951 3091 iuga
973 2995 1148 3090 attingere
1176 3010 1309 3091 posset,
1338 3019 1414 3068 non

186 3121 334 3214 antiqua
349 3134 573 3215 argumenta,
591 3116 652 3188 sed
669 3116 829 3213 Augusti
850 3132 885 3189 et
904 3117 1113 3189 Maecenatis
1132 3117 1223 3190 facta
1236 3141 1314 3190 esse
1330 3117 1420 3191 cele·

187 3240 372 3314 braturum
399 3242 556 3335 (ιγ-38).
577 3240 652 3310 lam
673 3240 767 3311 iusta
792 3261 898 3311 causa
917 3254 990 3311 erat
1014 3260 1078 3311 cur
1101 3237 1293 3336 epistulam
1317 3255 1417 3313 anno

190 3366 327 3458 726s28
344 3364 511 3458 scriptam
531 3361 596 3456 (el
614 3363 676 3456 31)
694 3363 771 3433 suis
787 3362 927 3458 scriptis
943 3363 1123 3434 insereret.
1138 3362 1235 3444 Quis
1250 3378 1418 3459 praeterea

189 3488 339 3558 miretur
353 3509 438 3557 eum
460 3482 582 3579 aliqua
596 3483 765 3577 Cynthiae
780 3482 887 3579 culpa
902 3485 940 3555 in
966 3467 1256 3580 desperationem
1270 3509 1416 3557 versum

188 3610 409 3705 aliquotiens
425 3624 548 3679 mente
568 3606 758 3703 agitavisse
771 3607 974 3678 amicorum
991 3605 1262 3679 hortationibus
1279 3606 1418 3680 obtem·

189 3712 437 3828 perare?Nam
454 3755 473 3802 e
488 3711 550 3833 tali
564 3730 677 3801 animi
692 3746 787 3802 statu
808 3728 962 3826 elegiam
985 3729 1163 3802 decimam
1186 3751 1263 3802 esse
1288 3744 1415 3816 ortam,

190 3853 427 3926 consideratis
440 3874 546 3924 versu
562 3854 584 3924 8
601 3849 719 3946 (Bella
739 3875 877 3936 canam,
890 3849 1038 3948 quando
1055 3849 1325 3950 scripta'puella
1339 3876 1419 3925 mea

191 3978 263 4070 est)
278 3992 312 4048 et
325 3970 448 4072 elegiae
468 3997 507 4046 11
525 3974 720 4060 vicinitate,
736 3975 818 4070 quis
833 3976 961 4072 neget?
976 3973 1038 4047 sed
1054 3977 1083 4046 si
1096 3975 1290 4071 parvulum
1304 3976 1341 4047 in
1353 3974 1418 4047 illo

191 4096 352 4170 secundo
385 4096 477 4168 libro
500 4121 574 4167 non
607 4097 869 4168 amatoriorum
899 4110 1199 4194 argumentorum
1223 4119 1419 4171 numerum

192 4220 446 4304 observaveris,
471 4244 546 4290 non
562 4217 639 4290 fieri
661 4236 781 4315 potest
795 4220 886 4316 quin
904 4217 1011 4291 nobis
1038 4219 1214 4292 concedas
1238 4219 1351 4304 illam,
1377 4219 1420 4291 de

193 4356 264 4438 qua
283 4344 410 4440 agitur,
437 4338 616 4413 decimam
636 4342 787 4440 elegiam
810 4341 901 4415 falso
922 4367 941 4413 a
962 4342 1198 4414 Lachmanno
1218 4367 1286 4416 suo
1314 4344 1420 4415 tertio

193 4464 284 4538 libro
299 4466 412 4537 fuisse
426 4466 668 4561 praepositam.
684 4466 720 4537 Si
736 4464 921 4537 secundus
937 4464 1026 4537 liber
1039 4467 1076 4536 in
1092 4465 1186 4537 duos
1205 4465 1421 4537 resecandus
