3398 5468
178 731 272 802 opus
294 708 435 779 excelso
464 731 573 786 sensu
599 723 819 802 conceperat,
844 707 943 802 quod
964 724 1115 779 testatur
1135 691 1260 802 primae
1283 706 1407 804 elegiae

178 832 275 925 prior
293 855 382 926 pars,
403 829 465 902 ubi
495 831 531 900 in
569 831 730 925 antiquis
760 829 866 901 rebus
892 828 1114 902 celebrandis
1134 831 1310 925 antiq'uus
1328 854 1408 901 vere

177 951 293 1024 factus
323 969 380 1033 ¹est
409 951 508 1024 illius
543 954 699 1024 animus.
733 953 772 1023 ln
818 976 857 1024 ea
903 952 1026 1049 elegia,
1055 954 1091 1023 in
1128 977 1202 1048 qua·
1240 947 1408 1045 Cynthiae

180 1074 346 1147 umbram
374 1074 583 1171 alloquitur,
611 1077 689 1146 eius
711 1076 831 1170 poesis
859 1076 982 1146 nescio
1010 1074 1099 1170 quid
1124 1076 1267 1171 gravius
1293 1091 1407 1146 sonat.

179 1200 371 1272 Arethusae
392 1201 540 1296 quidem
562 1201 716 1296 querelae
737 1199 845 1272 nobis
864 1199 1027 1272 sedulam
1046 1217 1081 1271 et
1103 1217 1263 1271 teneram
1287 1201 1411 1271 coniu-

180 1347 262 1420 gem
290 1324 326 1393 in
352 1323 478 1418 primis
505 1322 675 1418 praebent.
697 1324 766 1395 Sed
794 1323 957 1420 epicedio
984 1320 1164 1394 Corneliae
1187 1322 1355 1394 maiestas
1377 1336 1411 1393 et

179 1444 303 1540 aliquo
334 1444 445 1516 modo
470 1445 647 1542 superbia.
666 1462 841 1518 matronae
873 1446 978 1529 inest,
1005 1444 1128 1515 divina
1155 1444 1310 1540 quadam
1339 1460 1411 1515 arte

182 1567 306 1638 matris
326 1584 361 1639 et
382 1569 550 1665 coniugis
570 1569 705 1640 caritati
730 1569 935 1640 coniuncta.
957 1568 1138 1639 Elatarum
1161 1567 1271 1662 igitur
1292 1590 1410 1651 rerunt

180 1714 310 1762 sensus
345 1705 474 1762 nostro.
497 1707 613 1786 poetae
640 1692 677 1784 in
707 1679 864 1765 secunda
895 1691 1014 1786 operis
1046 1706 1143 1786 parte
1173 1713 1247 1760 non
1277 1687 1414 1760 abiudi-

183 1813 330 1885 candus.
888 1818 892 1824 ’

228 1949 270 2018 ln
292 1951 497 2020 carminum
519 1948 761 2044 dispositione
787 1965 903 2044 poetae
926 1963 1039 2020 artem
1061 1970 1137 2017 non
1158 1944 1227 2017 sibi
1244 1962 1414 2017 constan-

180 2087 255 2142 tem
273 2072 385 2143 fuisse
407 2071 585 2156 vidimus;
610 2096 688 2143 eam
705 2088 827 2143 tamen
842 2095 930 2156 esse,
947 2095 1028 2166 quae
1058 2086 1093 2142 et
1128 2069 1252 2141 laudes
1281 2070 1413 2140 nimias

181 2192 348 2278 aliorum,
366 2210 400 2265 et
412 2191 568 2266 aliorum
582 2195 887 2291 vituperationem
907 2194 1067 2290 effugiat.

148 2335 151 2342 ’
229 2316 364 2386 iamin
393 2318 585 2389 sententiis
606 2317 850 2413 exprimendis
871 2316 988 2388 multa
1017 2331 1104 2388 sunt
1130 2339 1211 2410 quae
1240 2315 1310 2386 dici
1335 2339 1415 2410 pos·

183 2455 274 2523 sent,
295 2439 324 2509 si
352 2463 437 2510 eum
458 2463 520 2535 per
544 2439 689 2537 singula
717 2463 880 2511 essemus
908 2427 1139 2535 persecuturi.
1171 2438 1274 2509 Hanc
1301 2462 1415 2532 quaes-

182 2561 323 2632 tionem
339 2560 419 2633 aliis
433 2561 654 2652 tractandam
671 2560 924 2657 relinquimus,
943 2563 1125 2657 ceteroqui
1139 2561 1210 2633 fere
1224 2562 1414 2658 integram.

183 2684 294 2768 Nam,
322 2705 534 2779 quanquam
565 2684 773 2779 Postgatius
809 2682 989 2755 nonnulla
1017 2699 1124 2755 acuto
1152 2684 1303 2780 ingenio
1324 2707 1416 2778 pers·

185 2807 291 2900 pexit,
310 2806 493 2890 Germani,
527 2805 778 2902 Hertzbergns,
803 2807 1004 2880 Kuttnerus
1017 2805 1080 2900 (de
1101 2806 1276 2901 Propertii
1298 2805 1415 2877 elocu-

184 2929 295 3014 tione,
316 2927 445 3014 Berol,
475 2930 595 3023 1878),
620 2927 791 3000 Hoerlius
811 2928 874 3023 (de
896 2953 1047 3000 casuum
1074 2953 1143 3000 usu
1168 2929 1413 3023 PropertianO,

185 3050 264 3122 Hal.
287 3051 375 3136 Sax,
400 3054 520 3147 1887),
542 3068 620 3136 etc,
639 3053 754 3149 magis
774 3051 817 3123 de
834 3050 959 3149 lingua
982 3054 1059 3149 ipsa
1077 3076 1187 3148 quam
1207 3051 1250 3123 de
1272 3050 1414 3124 dicendi

185 3198 315 3270 genere
331 3173 589 3247 disseruerunt.
609 3176 725 3246 Pauca
741 3191 885 3247 tantum
902 3173 1154 3247 delibabimus.
1403 3188 1406 3193 ’

235 3311 288 3381 De
316 3312 413 3383 vitiis
442 3312 603 3406 primum
630 3310 804 3382 dicamus.
837 3312 1078 3383 Decantatum
1101 3327 1155 3383 est
1186 3312 1415 3406 Propertium
1454 3397 1455 3400 Ἴ

189 3431 386 3506 obscurum
413 3433 469 3505 vel
491 3433 617 3506 saltem
650 3432 918 3505 subobscurum
944 3458 1021 3505 esse
1053 3451 1209 3530 poetam.
1237 3433 1415 3528 Equidem

188 3555 302 3627 fateor
316 3555 422 3627 illum
448 3580 523 3627 non
540 3557 618 3627 sine
634 3555 788 3651 quadam
807 3549 940 3628 mentis
956 3557 1193 3628 contentione
1210 3555 1280 3651 legi
1297 3579 1414 3651 posse.

121 3766 124 3777 ,
189 3677 257 3749 Sed
273 3678 384 3750 huius
410 3679 639 3758 obscuritatis
665 3669 780 3751 causae
804 3703 879 3750 non
901 3703 1032 3750 omnes
1047 3695 1163 3774 poetae
1185 3695 1272 3750 sunt
1292 3676 1418 3749 adscri-

145 3812 148 3818 '
190 3799 327 3873 bendae.
349 3802 493 3873 Etenim
511 3827 594 3873 cum
614 3800 745 3874 fabulae
764 3828 782 3873 a
804 3802 911 3874 nobis
931 3808 1058 3898 parum
1081 3818 1177 3874 notae
1192 3800 1331 3886 alludit,
1349 3824 1418 3872 nos

192 3921 393 4009 incusandi‚
412 3947 486 3997 non
507 3941 624 4020 poeta,
643 3926 705 4020 qui
728 3949 803 3996 non
818 3926 931 3996 nostri
947 3926 1122 4021 temporis
1143 3922 1337 3996 lectoribus
1355 3948 1419 3995 sua

194 4047 352 4117 carmina
368 4048 529 4142 scripsit,
546 4046 638 4117 nihil
658 4046 742 4118 inde
755 4046 919 4132 decurrit,
944 4048 1014 4119 nisi
1035 4047 1078 4118 ad
1099 4063 1244 4142 poetam
1262 4045 1419 4117 Alexan-

193 4168 382 4240 drinorum
393 4171 614 4241 imitatorem
626 4169 823 4266 legendum
841 4168 1109 4267 mythologiam
1122 4194 1198 4241 esse
1210 4168 1416 4240 tenendam.

192 4291 301 4362 Multi
329 4307 451 4362 tamen
476 4291 546 4362 loci
574 4307 660 4363 sunt
687 4293 761 4387 qui,
783 4316 992 4388 quanquam
1029 4291 1174 4363 nullum
1203 4290 1418 4363 eruditionis

194 4413 342 4509 signum
363 4412 534 4509 praebent,
553 4412 659 4484 nobis
680 4438 806 4510 parum
834 4413 917 4485 clari
942 4429 1140 4485 occurrant.
1163 4412 1232 4484 Sed
1248 4411 1316 4484 hos
1331 4411 1419 4483 diffi-
