3398 5468
692 549 891 639 „85.„

180 738 338 808 minutas
373 750 489 830 partes
515 733 654 816 dividit,
676 749 710 804 et
739 730 819 803 illas
835 756 896 826 per
919 730 1052 801 litteras
1080 747 1114 801 et
1135 729 1309 802 litterulas
1339 730 1406 803 dis·

175 860 293 930 tinxit.
316 858 358 928 Et
375 873 466 928 certe
482 855 539 927 his
555 852 869 928 subdivisionibus
890 851 1087 948 aliquando
1109 851 1211 924 locus
1237 870 1299 924 est.
1332 855 1397 926 Ex.

174 1008 206 1078 g.
232 979 400 1053 secundae
425 978 548 1075 elegiae
573 980 681 1050 altera
705 1001 783 1073 pars
807 978 930 1071 (7-26)
953 992 1125 1071 quattuor
1148 976 1339 1072 particulas
1367 978 1404 1048 in

174 1131 212 1177 se
243 1103 379 1175 habet:
421 1117 455 1173 1⁰
488 1103 657 1174 Veritatis
692 1099 880 1172 cuiusdam
920 1101 1224 1171 asseverationem
1262 1101 1403 1194 (7-8);

176 1242 212 1297 2⁰
239 1227 402 1321 exempla
423 1250 440 1296 e
463 1241 589 1296 natura
609 1223 716 1295 ducta
738 1225 884 1317 (9-14);
912 1237 950 1313 3⁰
975 1222 1138 1316 exempla
1158 1220 1406 1318 mythologica

152 1351 342 1443 ¹(1)'·22);
380 1363 418 1437 4⁰
444 1346 722 1419 conclusionem
748 1345 859 1417 huius
892 1346 1000 1441 partis
1031 1346 1187 1438 (25·26).
1219 1344 1287 1416 Sed
1316 1344 1404 1440 quid

72 1509 73 1513 =
173 1473 329 1566 postea?
350 1471 415 1542 Hae
440 1469 624 1564 particulae
650 1467 741 1539 nihil
763 1466 927 1563 probant,
949 1467 1018 1537 nisi
1035 1481 1179 1560 poetam
1194 1468 1403 1551 sententias,

173 1594 333 1678 affectus,
356 1591 530 1687 exempla,
552 1608 633 1688 quae
663 1594 699 1662 in
721 1615 789 1662 suo
810 1592 936 1661 animo
963 1603 1160 1672 versentur,
1192 1615 1267 1661 non
1294 1589 1404 1662 simul

174 1718 368 1811 exprimere
391 1740 508 1811 posse.
547 1716 592 1785 Hi
633 1707 743 1810 igitur
764 1713 852 1796 ludi,
873 1711 1009 1807 quibus
1035 1713 1218 1808 ceteroqui
1249 1712 1403 1784 aliorum

174 1814 353 1932 strophica
370 1836 502 1908 divisio
524 1836 706 1908 referenda
724 1852 787 1919 est,
810 1836 939 1906 otiosis
961 1833 1189 1929 relinquendi
1206 1851 1303 1907 sunt.

222 1973 396 2043 Dicamus
416 1996 502 2067 ergo
523 1971 622 2066 quod
646 1971 689 2042 de
710 1969 774 2041 illo
802 1971 920 2066 primo
952 1969 1043 2041 libro
1064 1994 1190 2041 verum
1217 1988 1280 2042 est.
1310 1971 1404 2042 Stro-

174 2093 278 2188 phica
310 2093 441 2165 divisio
467 2093 555 2164 falsa
584 2110 647 2163 est.
669 2093 871 2187 Tripartitae
904 2089 1085 2163 divisioni
1105 2092 1318 2188 plerumque
1350 2109 1404 2164 est

174 2215 297 2300 locus,
345 2242 420 2287 non
458 2233 580 2287 tamen
629 2215 774 2310 ubique.
816 2216 864 2285 Ea
895 2231 1016 2286 tamen
1059 2216 1233 2310 tripartita
1272 2215 1404 2287 divisio

174 2341 340 2434 sequenti
379 2338 491 2410 modo
533 2337 738 2433 accipienda
769 2354 822 2409 est
854 2365 859 2408 :
899 2339 1010 2409 Poeta
1046 2362 1148 2409 suam
1184 2340 1402 2410 sententiam

173 2464 287 2557 ponit,
310 2461 353 2533 de
383 2487 423 2533 ea
450 2462 602 2544 disserit,
629 2461 766 2556 aliquid
795 2460 992 2545 concludit,
1016 2485 1260 2556 nonunquam
1285 2463 1333 2533 ita
1365 2480 1404 2534 ut

173 2589 214 2660 ad
243 2591 337 2661 initii
364 2591 583 2662 sententiam
612 2592 730 2662 redeat
763 2592 834 2684 (ex.
852 2616 885 2686 g.
907 2613 925 2660 2
949 2606 983 2661 et
1007 2592 1054 2684 5).
1092 2592 1132 2661 ln
1162 2589 1280 2661 media
1307 2608 1403 2686 parte

172 2713 258 2782 varii
289 2737 419 2784 sensus
450 2737 574 2784 secum
600 2726 775 2808 pugnant.
803 2713 1097 2807 Compositionis
1120 2713 1231 2807 igitur
1253 2737 1308 2783 ars
1326 2737 1402 2784 non

173 2851 289 2929 poetae
309 2835 445 2920 defuit;
469 2836 568 2930 quod
590 2835 729 2906 odorati
752 2852 838 2907 sunt
855 2836 918 2930 qui
935 2834 978 2906 de
994 2834 1243 2929 superioribus
1258 2835 1405 2908 divisio·

173 2957 283 3028 nibus
327 2958 433 3029 verba
468 2958 640 3029 lecerunt.
682 2958 848 3029 Alterum
888 2959 997 3028 etiam
1029 2957 1273 3052 probaverunt
1297 2960 1402 3052 (nam

173 3081 279 3150 errori
301 3080 368 3174 ipsi
386 3103 450 3150 sua
467 3103 545 3174 pars
567 3082 726 3151 veritatis
756 3081 879 3174 inest),
908 3081 1135 3174 Propertium
1149 3105 1224 3150 non
1251 3082 1299 3152 ita
1320 3105 1402 3153 suas

172 3203 369 3273 sententias
399 3201 601 3297 disponere,
624 3220 663 3274 ut
695 3228 768 3274 una
793 3227 834 3274 ex
864 3202 973 3274 altera
999 3220 1172 3284 nascatur,
1191 3204 1252 3274 sed
1278 3228 1403 3275 unam-

159 3348 355 3419 ·quamque
394 3326 612 3394 sententiam
655 3349 715 3420 per
746 3350 783 3396 se
821 3341 911 3395 stare
937 3341 971 3396 et
1010 3327 1214 3421 argumenti
1245 3328 1401 3420 speciem

171 3445 336 3541 praebere.
365 3446 460 3526 Quae
490 3448 710 3542 compositio
739 3448 853 3542 magis
881 3448 1032 3518 oratoris
1060 3471 1170 3542 quam
1194 3464 1310 3542 poetae
1337 3464 1399 3530 est,

173 3592 290 3663 neque
311 3566 401 3638 mihi
418 3591 528 3638 errare
563 3568 743 3639 videretur
761 3569 823 3663 qui
845 3568 977 3640 diceret
1007 3585 1096 3639 tunc
1124 3571 1299 3664 temporis
1320 3593 1402 3664 poe·

171 3705 254 3771 tam,
286 3714 304 3760 e
331 3688 517 3760 rhetorum
540 3690 697 3761 officinis
727 3707 918 3774 recentem,
953 3692 1125 3761 oratorias
1156 3691 1253 3786 leges
1277 3691 1400 3786 aliquo

171 3810 283 3881 modo
300 3810 337 3881 in
354 3835 418 3881 sua
438 3812 596 3881 carmina
612 3811 790 3883 intulisse.

217 3945 326 4015 Nunc
340 3943 539 4015 ridendum
565 3944 652 4035 quid
670 3944 713 4015 de
730 3943 801 4015 illis
822 3946 867 4015 sit
888 3945 1135 4028 sentiendum,
1157 3949 1219 4041 qui
1237 3949 1399 4022 secundo

170 4065 262 4136 libro
280 4067 436 4137 nitentes
452 4069 733 4163 compositionis
748 4084 860 4138 artem
878 4086 994 4163 poetae
1009 4068 1305 4142 abiudicaverint.
1325 4072 1397 4142 lam

169 4191 340 4260 omnium
372 4191 533 4284 primum
567 4193 700 4262 mirum
733 4208 825 4262 esset
851 4208 1008 4286 poetam,
1044 4218 1154 4289 quem
1191 4192 1400 4288 plaudendo

170 4311 282 4382 modo
316 4337 535 4408 componere
569 4314 741 4398 vidimus,
776 4331 921 4409 repente
961 4314 1053 4386 hanc
1089 4332 1201 4387 artem
1241 4317 1398 4388 omnino

168 4433 420 4529 deperdidisse.
451 4438 493 4507 Et
520 4460 638 4508 revera
667 4438 704 4506 in
731 4437 892 4508 secundo
928 4436 1019 4509 libro
1051 4437 1242 4510 nonnullae
1273 4439 1396 4535 elegiae
