3398 5468
428 2055 431 2059 ,
465 2051 467 2054 ,
495 1955 581 2058 DE
641 1951 1112 2058 ARGUMENTIS

239 2323 336 2397 Cum
363 2348 418 2396 res
438 2324 480 2397 ad
506 2324 666 2421 puellam
687 2341 855 2410 amatam,
876 2323 919 2398 ad
939 2341 1097 2420 tempus,
1114 2325 1152 2394 in
1179 2347 1254 2418 quo
1277 2347 1418 2422 amores
1464 2327 1465 2330 ’

189 2447 457 2535 contineantur,
491 2464 526 2520 et
568 2447 609 2520 ad
649 2449 765 2544 ipsam
802 2471 971 2520 amorum
1002 2463 1168 2518 naturam
1195 2447 1419 2542 pertinentes

189 2572 476 2666 exposuerimus
485 2569 527 2642 ad
543 2570 690 2642 alteiam
703 2573 775 2642 iam
786 2568 956 2667 opusculi
973 2570 1088 2641 nostri
1101 2585 1239 2664 partem
1253 2569 1419 2642 acceden-

188 2691 290 2780 dum,
298 2711 333 2766 et
344 2696 448 2766 omni
459 2695 495 2766 vi
506 2694 700 2766 nitendum
710 2685 1001 2791 utPropertianae
1014 2717 1166 2790 poeseos
1182 2716 1310 2790 genus,
1321 2692 1419 2790 leges

188 2829 223 2887 et
239 2813 342 2888 dotes
357 2818 394 2888 in
409 2816 530 2889 lucem
550 2817 920 2913 proferamusAtque
936 2815 1043 2918 nobis
1064 2815 1156 2887 hanc
1173 2817 1417 2912 quaestionem

189 2936 442 3035 multiplicem,
453 2957 489 3014 et
500 2939 621 3036 plures
637 2941 674 3011 in
691 2965 729 3012 se
747 2941 976 3036 gravissimas
991 2939 1213 3034 quaestiones
1230 2940 1420 3012 continen-

185 3076 262 3132 tem
275 3061 519 3147 intuentibus,
538 3079 620 3135 ante
645 3063 771 3134 omnia
791 3061 926 3158 placuit
953 3060 996 3133 de
1020 3063 1246 3157 argumentis
1276 3061 1416 3147 dicere;

119 3200 121 3203 ’
187 3184 359 3278 primum,
389 3202 430 3257 ut
469 3185 746 3258 ostenderemus
790 3202 936 3281 poetam
965 3184 1149 3256 amatoriis
1180 3183 1418 3281 scriptoribus

187 3306 330 3402 optimo
346 3309 422 3382 iure
449 3307 730 3380 adnumeratum
748 3333 822 3379 non
843 3332 1005 3381 amorem
1025 3332 1167 3404 semper
1181 3332 1259 3380 uno
1275 3307 1420 3380 eodem·

187 3453 258 3524 que
284 3431 397 3502 modo
415 3433 604 3515 cecinisse;
632 3429 763 3502 deinde
790 3447 832 3501 ut
858 3430 1076 3516 videremus,
1105 3442 1191 3502 cum
1219 3432 1353 3527 saepius
1379 3432 1416 3501 in

107 3609 110 3612 -
187 3552 294 3632 rebus
311 3578 386 3626 non
412 3556 597 3627 amatoriis
616 3555 851 3638 versatussit,
874 3570 1055 3649 quatenus
1084 3553 1163 3626 aliis
1191 3554 1418 3650 argumentis

186 3701 248 3773 par
266 3678 413 3750 evadere
439 3678 603 3751 valuerit.
628 3678 775 3750 Etenim
801 3678 839 3748 in
866 3678 1059 3774 propatulo
1095 3694 1148 3752 est
1174 3695 1330 3774 poetam,
1354 3679 1418 3772 qui
1467 3665 1471 3676 ’

183 3779 346 3895 puellam
376 3799 444 3872 sibi
465 3802 658 3898 ingenium
688 3802 801 3874 facere
828 3800 967 3887 dixerit,
999 3804 1037 3874 in
1066 3803 1193 3899 primis
1232 3800 1417 3873 amatoriis

186 3924 412 4020 argumentis
441 3922 663 3996 incubuisse.
692 3926 864 3997 Praeterea
899 3941 952 3997 est
987 3924 1183 4022 probabile,
1228 3948 1314 3996 eum
1353 3947 1417 4020 pro

186 4045 415 4141 temporibus
428 4061 464 4117 et
476 4047 611 4117 amoris
625 4047 857 4121 vehementia
873 4046 934 4120 illa
949 4064 1162 4145 argumenta
1176 4048 1283 4119 variis
1297 4045 1417 4117 modis

185 4171 400 4241 tractavisse.
444 4169 586 4242 Deinde
620 4171 650 4241 si
690 4174 910 4267 reputaveris
946 4175 1090 4257 amoris,
1120 4151 1216 4244 sicut
1243 4171 1415 4242 omnium

188 4291 450 4376 humanorum,
479 4293 616 4365 fluxam
641 4318 718 4367 esse
747 4284 925 4380 naturam,
949 4297 1032 4390 quis
1067 4294 1257 4367 mirabitur
1272 4295 1417 4388 Proper-

186 4414 293 4498 tium,
321 4414 444 4487 ardore
465 4417 536 4487 iam
570 4417 820 4513 refrigescente
848 4436 882 4491 et
902 4421 938 4490 in
971 4417 1277 4491 consuetudinem
1298 4439 1414 4495 verso,
