3398 5468
749 580 945 630 ...m-

231 748 455 831 arbitremur,
477 762 644 819 restatur
663 746 850 832 familiam,
872 772 891 818 a
923 772 995 844 qua
1021 749 1175 821 oriunda
1200 750 1319 843 fuerit,
1340 769 1462 848 quate-

61 876 63 881 ’
145 917 147 923 -
237 895 306 944 nus
329 870 406 942 fieri
429 885 549 965 potest
562 869 778 942 indicemus.
799 868 856 941 Ad
879 869 973 943 hanc
995 871 1239 967 quaestionem
1260 873 1460 970 plurimum

234 994 356 1066 valent
385 993 455 1065 loci
483 993 546 1088 qui
572 1009 659 1064 sunt
687 994 728 1078 H,
762 1016 815 1084 13,
845 1018 936 1088 pero.

349 1219 436 1291 Non
466 1242 535 1315 ego
563 1242 646 1290 sum
677 1218 805 1291 formae
831 1234 977 1291 tantum
1004 1220 1152 1292 mirator
1180 1219 1363 1307 honestae,

450 1342 527 1413 Nec
553 1343 583 1413 si
610 1365 681 1437 qua
708 1339 869 1417 illustres
895 1341 1032 1414 femina
1059 1343 1166 1415 iactat
1190 1306 1295 1429 avoi,

234 1557 296 1632 ubi
316 1558 408 1631 mihi
429 1557 562 1631 errasse
582 1559 809 1656 Herzbergus
825 1559 977 1645 videtur,
995 1561 1058 1655 qui
1073 1559 1143 1632 hos
1160 1585 1284 1633 versus
1299 1561 1462 1655 (Quaest.

236 1707 271 1778 p.
295 1683 359 1777 34)
380 1706 456 1753 non
478 1680 521 1753 ad
543 1680 741 1774 Cynthiarn
758 1681 877 1755 referri
897 1683 1088 1768 existimat,
1106 1707 1190 1756 cum
1210 1700 1354 1755 tantum
1375 1683 1468 1759 absit

237 1819 278 1875 ut
311 1818 501 1876 contextus
530 1803 610 1875 eius
638 1804 973 1900 interpretationem
1003 1802 1181 1888 defendat,
1214 1822 1254 1876 ut
1280 1806 1466 1878 contrariae

238 1927 406 2021 opinioni
427 1925 639 2011 subveniat;
660 1942 695 1998 et
714 1927 772 2012 ΙΙΙ,
795 1947 850 2011 ao,
870 1948 891 2020 7
912 1943 1038 2022 etseq.

183 2230 186 2237 ,
296 2164 299 2170 ’
333 2153 395 2224 Est
423 2150 488 2225 tibi
517 2153 635 2224 forma
664 2169 806 2249 potem,
835 2168 922 2224 sunt
950 2169 1054 2226 castae
1082 2151 1238 2225 Palladis
1265 2171 1366 2239 artes,

248 2263 250 2267 ⁸
434 2274 704 2371 Splendidaque
732 2299 751 2346 a
776 2274 884 2347 dacto
912 2276 1008 2346 fama
1034 2274 1186 2373 refulget
1208 2300 1300 2360 avo;

309 2429 311 2433 ·
334 2398 530 2469 Fortunata
556 2398 707 2482 domus,
732 2396 881 2469 modo...
907 2413 997 2469 etc...

239 2616 300 2687 ubi
321 2616 482 2711 primum
498 2616 527 2687 si
544 2614 658 2695 dotes,
683 2639 765 2710 quae
788 2616 826 2686 in
848 2613 1008 2707 Cynthia
1029 2612 1264 2700 celebrantur,
1281 2639 1365 2687 cum
1386 2637 1468 2687 con·

232 2755 336 2827 ,textu
366 2737 600 2834 praecedentis
629 2737 700 2809 loci
723 2738 1003 2833 comparaveris,
1029 2735 1169 2809 videbis
1190 2735 1337 2810 eosdem
1368 2761 1465 2822 esse,

239 2860 337 2932 unde
366 2861 531 2957 sequitur
558 2861 675 2957 priore
698 2859 779 2931 loco
802 2858 961 2931 illustres
983 2883 1070 2932 avos
1096 2859 1140 2932 ad
1163 2858 1362 2954 Cynthiam
1390 2884 1467 2932 esse

239 2983 456 3068 referendos
471 2983 584 3055 simul
604 2999 639 3056 et
661 2982 856 3055 honestam
876 2983 1044 3054 formam.
1065 2983 1139 3054 lam
1157 3008 1176 3056 e
1191 2982 1344 3056 vocibus
1358 2982 1469 3077 fortu-

237 3116 320 3179 nula
333 3105 459 3194 dotans,
476 3106 618 3178 illustres
629 3128 718 3195 avos,
732 3104 1020 3201 splendidasanra,
1036 3105 1132 3177 docto
1142 3128 1216 3195 ava,
1227 3121 1323 3178 certo
1337 3106 1468 3177 certius

237 3228 279 3300 fit
300 3228 499 3322 Cynthiam
522 3252 597 3301 non
619 3227 826 3301 libertinam
842 3227 963 3324 (quod
983 3243 1084 3324 putat
1106 3227 1351 3325 Herzbergus)
1371 3227 1469 3300 seda

239 3349 356 3423 nobili
371 3375 502 3448 genere
520 3350 713 3423 oriundam
731 3350 854 3435 fuisse,
875 3367 909 3422 et
923 3375 1040 3423 unum
1057 3350 1182 3424 saltem
1199 3352 1303 3444 (cum
1320 3350 1469 3446 pluralis

240 3495 418 3546 numerus
439 3473 477 3544 in
502 3472 643 3545 illustres
667 3493 746 3544 avos
766 3472 945 3546 rhetorico
970 3473 1083 3546 modo
1104 3474 1266 3569 usurpari
1292 3474 1470 3569 potuerit)

241 3619 350 3667 avum
372 3594 440 3668 sibi
462 3595 596 3668 famam
618 3594 839 3667 conciliasse.
861 3597 995 3668 Evoce
1016 3595 1112 3668 docto
1132 3596 1248 3669 elucet
1270 3595 1377 3668 illum
1394 3596 1469 3668 suis

241 3716 380 3814 scriptis
405 3741 483 3790 eam
508 3717 642 3790 famam
670 3741 746 3790 esse
773 3716 956 3813 adeptum,
982 3718 1079 3791 unde
1095 3718 1243 3815 quidam
1260 3735 1363 3802 recte,
1385 3743 1469 3790 meo

243 3840 391 3936 quidem
422 3840 570 3925 iudici0‚
598 3856 817 3938 putaverunt
844 3840 887 3912 de
918 3842 1050 3914 Hostio
1079 3858 1196 3937 poeta,
1217 3843 1363 3914 Histrici
1384 3840 1468 3912 belli

241 3959 429 4059 scriptore,
462 3963 538 4036 fieri
569 3965 797 4036 mentionem
823 3963 932 4058 (vide
961 3964 1202 4050 Teuffelium,
1239 3967 1345 4059 130).
1374 3965 1470 4045 Quae

241 4102 365 4157 contra
392 4085 741 4182 Marxiusloquitur
759 4087 836 4183 (pp.
857 4087 984 4181 46-47)
1009 4086 1186 4157 reicienda
1206 4103 1302 4159 sunt.
1323 4088 1468 4158 Etenim

242 4209 350 4281 etiam
372 4233 391 4280 a
410 4210 598 4306 Propertio
623 4208 684 4281 ille
708 4209 862 4281 Hostius
887 4207 1016 4281 doctus
1041 4208 1209 4305 appellari
1233 4210 1364 4306 potuit,
1387 4234 1470 4281 curn

241 4331 284 4404 de
301 4333 425 4421 amicae
446 4357 575 4429 genere
590 4330 801 4404 extollendo
820 4349 1004 4428 ageretur3
1020 4348 1055 4403 et
1077 4356 1146 4403 vox
1162 4353 1235 4416 avo,
1255 4356 1329 4427 quo
1344 4332 1470 4403 Marxii

240 4456 510 4552 argumentatio
532 4456 675 4540 nititur,
698 4454 773 4526 lato
794 4478 902 4527 sensu
926 4456 1034 4526 etiam
1062 4455 1116 4525 avi
1133 4471 1269 4549 patrem
1288 4471 1349 4526 aut
1362 4479 1470 4525 avum
