3398 5468
734 575 955 626 -102-

280 741 435 813 Proinde
456 743 534 813 eius
554 741 713 835 Cynthia
734 740 865 812 melius
891 765 910 811 a
930 740 1037 812 nobis
1062 757 1147 812 nota
1167 754 1220 812 est
1243 763 1352 836 quam
1374 757 1462 811 cete-

232 889 354 937 rorum
372 866 506 936 amicae.
524 863 650 935 Ovidii
668 863 867 936 Corinnam
884 861 1057 935 nonnulli
1070 863 1192 934 fictam
1208 861 1366 959 puellam
1385 887 1462 934 esse

232 1004 319 1060 sunt
333 980 514 1082 suspicati,
533 1003 567 1057 et
595 1002 687 1058 certe
706 988 784 1057 eius
806 986 963 1082 effigiem
985 986 1081 1059 haud
1097 985 1200 1058 facile
1214 985 1460 1058 delineaveris.

230 1112 348 1182 Pauca
367 1109 412 1180 de
435 1107 538 1180 Delia
564 1108 619 1179 vel
640 1109 789 1179 Nemesi
815 1132 833 1178 e
857 1107 1078 1180 Tibullianis
1096 1108 1318 1180 carminibus
1339 1132 1462 1181 eruere

231 1233 324 1304 licet.
357 1231 493 1304 Catulli
525 1231 689 1303 Lesbiam
725 1230 835 1326 paulo
870 1231 1002 1303 melius
1041 1233 1231 1316 novimus,
1261 1257 1344 1303 cum
1391 1231 1463 1303 hoc

232 1354 367 1428 Catulli
383 1356 571 1451 proprium
609 1355 665 1437 sit,
692 1352 791 1449 quod
821 1378 1095 1449 suasrpersonas
1116 1355 1247 1426 vividis
1278 1354 1463 1427 coloribus

232 1478 397 1563 illustret,
435 1479 471 1548 in
502 1477 631 1548 claram
653 1476 773 1547 lucem
800 1476 965 1572 proferat.
988 1477 1099 1549 Nulla
1119 1495 1240 1550 tamen
1258 1495 1332 1549 tam
1346 1478 1463 1549 firmis

233 1601 475 1683 lineamentis
494 1624 604 1694 quam
620 1598 789 1692 Cynthia,
820 1616 872 1670 est
907 1599 1102 1695 designata.
1130 1601 1232 1682 Hanc
1253 1602 1353 1671 intus
1374 1616 1408 1671 et
1424 1601 1461 1670 in

233 1739 314 1794 cute
338 1699 527 1797 novimus
563 1722 615 1792 De
650 1722 728 1791 eius
748 1720 964 1793 condicione
992 1738 1083 1794 certe
1111 1724 1176 1794 viri
1204 1721 1300 1794 docti
1328 1721 1465 1793 dissen-

232 1846 330 1943 tiunt
352 1870 359 1929 3
381 1843 424 1915 de
440 1845 517 1915 eius
534 1842 698 1914 moribus
715 1859 749 1913 et
763 1841 887 1915 indole
902 1845 995 1916 inter
1009 1868 1139 1916 omnes
1153 1861 1295 1916 constat
1311 1871 1318 1930 ;
1346 1869 1464 1939 neque

232 1967 276 2039 de
291 1967 509 2038 condicione
522 1967 598 2061 ipsa
610 1982 708 2037 tanta
728 1965 907 2038 dissensio
923 1967 1062 2052 fuisset,
1084 1969 1113 2038 si
1129 1969 1195 2038 viri
1214 1967 1310 2039 docti
1325 1965 1464 2039 Ovidio

233 2090 324 2162 duce
368 2090 632 2185 reputavissent
668 2112 778 2183 quam
809 2088 989 2183 depravati
1027 2089 1162 2160 fuerint
1196 2088 1260 2160 illo
1301 2105 1464 2183 tempore

234 2214 480 2284 maritatarum
496 2212 715 2282 feminarum
733 2235 867 2282 mores.

282 2361 477 2454 Ceteroqui
511 2358 569 2430 hic
607 2383 712 2431 verus
751 2360 864 2430 nostri
899 2383 1001 2430 amor
1035 2384 1109 2429 non
1140 2358 1331 2455 impedivit
1361 2360 1463 2454 quin,

235 2508 374 2555 morem
413 2480 616 2553 multorum
651 2505 726 2553 suae
753 2483 867 2553 aetatis
898 2497 1087 2576 poetarum
1117 2498 1279 2565 secutus
1305 2480 1347 2552 ad
1376 2505 1465 2552 suos

233 2608 337 2703 ignes
363 2603 546 2676 canendos
571 2603 703 2675 auxilia
725 2606 945 2675 extrinsecus
973 2607 1082 2700 petita
1109 2620 1310 2700 arcesseret.
1339 2605 1466 2675 Errant

234 2730 296 2824 qui
314 2743 442 2823 putant
471 2751 665 2799 numerum
694 2726 942 2824 mythicorum
971 2726 1231 2822 exemplorum,
1261 2751 1343 2821 quae
1369 2726 1479 2822 apud‘

234 2867 403 2922 nostrum
415 2851 653 2945 reperiuntur,
668 2848 837 2920 adversus
852 2851 1096 2921 sinceritatem
1108 2851 1186 2922 eius
1198 2851 1331 2921 amoris
1340 2850 1464 2921 facere.

236 2972 386 3044 Certum
422 2986 475 3041 est
508 2994 612 3041 veros
652 2994 781 3041 sensus
814 2993 908 3064 saepe
944 2969 1042 3041 falsis
1074 2969 1257 3041 coloribus
1295 2970 1465 3065 exprimi.

237 3093 391 3165 Constat
407 3108 565 3163 oratores
582 3115 662 3163 vere
682 3107 890 3162 commotos
907 3115 982 3162 non
1004 3114 1080 3162 raro
1095 3090 1269 3163 ¹damnato
1286 3090 1467 3162 rhetorico

235 3213 378 3287 dicendi
404 3236 535 3310 genere
563 3213 675 3284 fuisse
702 3237 800 3297 usos,
816 3213 916 3307 quod
928 3229 1106 3284 testantur
1132 3213 1258 3286 multae
1283 3214 1468 3284 orationes

236 3337 369 3410 saeculo
386 3336 528 3408 decimo
543 3351 671 3406 octavo
687 3353 840 3407 exeunte
856 3337 893 3406 in
912 3353 1034 3408 nostra
1050 3337 1161 3432 patria
1175 3353 1299 3408 vexata
1319 3353 1353 3407 et
1373 3337 1469 3432 peri-

236 3459 381 3531 clitante
397 3458 548 3543 habitae;
566 3482 685 3553 neque
701 3484 806 3532 causa
821 3476 875 3531 est
890 3484 953 3531 cur
977 3461 1195 3555 Propertius,
1213 3460 1260 3530 ob
1281 3484 1468 3531 summam

236 3606 355 3654 rerum
372 3579 613 3674 mythicatum
631 3584 800 3653 notitiam
818 3599 852 3653 et
868 3583 1166 3666 ostentationem,
1182 3605 1468 3676 nonnunquam,

236 3707 360 3788 fateor,
393 3719 488 3774 extra
524 3701 647 3774 locum
681 3706 849 3800 positam,
885 3730 959 3776 non
997 3728 1078 3776 vere
1108 3720 1318 3775 commotus
1355 3703 1470 3776 luisse

237 3827 385 3898 dicatur.
414 3826 564 3921 Lingua,
589 3850 660 3920 qua
688 3828 740 3898 uti
767 3827 947 3911 didicerat,
976 3827 1159 3911 utebatur,
1190 3825 1469 3921 exemplaribus

238 3975 321 4045 quae
349 3965 459 4023 noctu
487 3947 622 4042 diuque
653 3968 861 4035 versaverat,
885 3949 1075 4022 nitebatur.
1096 3951 1190 4021 Nam
1207 3974 1291 4021 eum
1319 3948 1473 4020 Alexan-

239 4074 341 4145 drina
360 4071 525 4142 doctrina
545 4070 588 4142 ab
611 4073 717 4144 initio
737 4075 849 4145 fuisse
869 4072 1054 4145 imbutum
1073 4072 1143 4144 hoc
1167 4073 1261 4144 facto
1287 4071 1470 4168 probatur,

191 4208 194 4214 '
240 4196 340 4292 quod
360 4195 481 4266 statim
504 4195 540 4263 in
558 4195 676 4288 primo
693 4195 784 4267 libro
809 4195 948 4267 erudita
968 4195 1129 4290 exempla
1156 4191 1315 4290 usurpet.
1343 4195 1473 4288 Neque

241 4327 276 4397 id
295 4324 396 4397 solus
413 4324 496 4420 egit.
512 4323 679 4396 Catullus
694 4344 873 4420 quantum
890 4326 1144 4399 Alexandrinis
1160 4324 1324 4396 debuerit
1339 4339 1473 4394 notum

241 4465 311 4533 est;
331 4446 488 4541 demptis
509 4445 763 4521 Alexandrinis
778 4474 903 4520 vereor
921 4473 965 4519 ne
985 4448 1144 4520 Ovidius
1165 4449 1241 4543 ipse
1261 4447 1303 4518 ad
1320 4470 1472 4542 parvum
