3398 5468
746 595 942 663 -32-

232 775 399 872 Scaligeri
415 776 565 872 vestigia
586 777 700 848 secuti
721 802 837 873 usque
855 777 897 848 ad
916 795 1082 850 nostrum
1100 796 1245 875 tempus
1262 781 1460 853 levioribus

232 901 349 971 causis
375 900 456 970 freti
485 899 527 972 ad
548 925 657 972 suum
678 899 866 972 arbitrium
894 900 1025 998 elegias
1055 927 1189 999 susque
1209 904 1325 999 deque
1352 921 1461 981 verte·

232 1038 327 1105 runt,
349 1038 524 1117 tempora,
540 1021 651 1094 libros
671 1023 928 1095 confuderunt.
954 1024 995 1094 In
1020 1022 1090 1095 hoc
1117 1050 1258 1097 novum
1282 1025 1461 1098 latrocinii

232 1169 359 1240 genus.
378 1144 476 1240 quod
502 1145 610 1215 etiam
630 1161 712 1240 post
732 1145 1010 1218 Lachmannum
1026 1147 1121 1242 apud
1149 1149 1328 1242 quosdam
1344 1151 1463 1245 viguit

232 1267 459 1364 (Gruppium
478 1283 512 1339 et
533 1267 770 1363 Caruttium),
793 1271 923 1341 merito
944 1271 1109 1342 invectus
1128 1289 1181 1343 est
1205 1271 1397 1345 Plessisius
1424 1274 1460 1344 in

234 1390 359 1484 capite,
374 1389 472 1486 quod
495 1390 538 1461 de
557 1390 781 1472 editionibus
796 1407 930 1462 tractat.

282 1522 414 1617 Atque,
435 1538 474 1593 ut
493 1524 565 1593 iam
581 1523 624 1594 ab
645 1524 752 1595 initio
770 1548 889 1595 meam
904 1527 1123 1596 sententiam
1155 1552 1375 1621 expromam,
1408 1526 1464 1598 hae

235 1644 384 1717 diversae
410 1645 453 1716 de
473 1646 785 1741 Propertianarum
808 1646 1003 1742 elegiarum
1030 1649 1297 1742 compositione
1323 1651 1465 1744 opinio-

236 1792 310 1852 nes,
323 1792 411 1863 quas
427 1766 539 1839 simul
559 1785 694 1840 exstare
709 1769 852 1863 optimo
874 1770 950 1840 iure
972 1769 1121 1853 mireris,
1139 1796 1180 1841 ex
1196 1797 1239 1842 eo
1260 1788 1346 1844 ortae
1365 1788 1462 1856 sunt,

236 1890 333 1986 quod
359 1890 424 1961 viti
446 1889 543 1961 docti
564 1888 706 1961 dehac
737 1891 941 1985 quaestione
961 1888 1179 1962 disserentes
1210 1915 1284 1962 non
1316 1891 1462 1963 eosdem

125 2065 127 2069 ι
236 2012 347 2084 libros
369 2028 451 2083 ante
474 2011 602 2084 oculos
626 2011 828 2093 habuerint,
852 2028 891 2083 ut
909 2012 962 2083 illi
982 2015 1160 2108 praecipue
1182 2017 1335 2110 eprimo
1360 2013 1463 2098 libro,

236 2135 275 2207 hi
294 2159 312 2206 e
328 2134 490 2206 secundo
505 2159 569 2205 sua
589 2134 722 2206 iudicia
741 2135 1042 2230 deprompserint.
1076 2119 1081 2131 ⁸

286 2271 441 2353 Etenim,
477 2270 506 2340 si
540 2269 699 2364 primum
739 2269 872 2340 librum
911 2271 1202 2352 consideraveris,
1232 2272 1358 2341 omnia
1395 2271 1467 2342 fere

239 2393 395 2464 carmina
424 2391 578 2487 perbene
613 2416 690 2463 esse
717 2393 920 2486 composita
951 2392 1100 2476 videbis,
1123 2409 1157 2463 et
1177 2391 1366 2488 intelleges
1393 2416 1466 2476 cur,

176 2549 177 2552 ¹
239 2514 438 2586 nonnullas
451 2513 659 2610 Hertzbergi
673 2514 798 2609 aliquo
815 2514 928 2585 modo
944 2516 1058 2586 iustas
1073 2517 1270 2587 sententias
1283 2516 1417 2587 falsum
1429 2516 1466 2596 in

240 2637 393 2709 modum
420 2635 693 2732 amplificantes,
716 2635 1028 2721 Muellenhoffius,
1055 2639 1216 2719 Prienus,
1238 2637 1469 2714 Drenckhah-

240 2763 334 2844 nius,
345 2759 405 2831 alii
419 2761 455 2831 in
471 2760 715 2855 Propertianis
731 2759 855 2859 elegiis¹
878 2760 1101 2855 tripartitam,
1116 2763 1224 2832 etiam
1248 2759 1468 2856 strophicam

241 2882 549 2978 compositionem
566 2881 716 2976 reperire
736 2879 931 2951 voluerint.

288 3015 421 3111 Atque,
438 3031 479 3086 ut
494 3013 537 3085 de
552 3013 735 3110 strophica
751 3014 1021 3108 compositione
1037 3014 1194 3109 primum
1209 3013 1314 3085 verba
1329 3014 1468 3096 faciam,

241 3145 320 3210 tres'
334 3154 420 3210 sunt
446 3136 570 3234 elegiae
597 3161 677 3233 quae
708 3137 799 3209 mihi
830 3136 979 3231 quidem
1005 3135 1097 3209 hanc
1125 3135 1405 3232 dispositionem
1431 3137 1468 3207 in

242 3261 368 3357 primis
405 3260 560 3356 praebere
592 3258 793 3343 videantur,
828 3283 959 3354 nempe
989 3242 1090 3354 eleg.¹
1116 3281 1169 3349 13,
1201 3243 1294 3331 6'et
1327 3276 1365 3351 15
1408 3258 1470 3330 ubi

242 3382 400 3479 strophae
425 3399 606 3478 quattuor,
629 3382 685 3453 vel
704 3407 774 3466 sex,
796 3381 852 3453 vel
869 3398 953 3452 octo
969 3406 1093 3453 versus
1110 3383 1341 3453 continentes
1370 3405 1472 3453 cons-

242 3506 325 3580 titui
356 3523 522 3600 possunt.
558 3505 637 3590 Sed,
668 3521 707 3576 ut
735 3504 888 3601 elegiam
922 3527 957 3595 13
996 3507 1156 3598 primum
1186 3504 1469 3584 consideremus,

243 3627 401 3724 strophae
420 3652 433 3699 1
452 3629 559 3722 (1-4),
578 3651 596 3698 a
618 3629 725 3722 (5-8),
744 3649 757 3715 3
778 3629 900 3722 (9-12)
920 3628 1006 3698 satis
1023 3626 1115 3697 bene
1136 3651 1197 3722 per
1213 3651 1250 3698 se
1266 3642 1372 3699 stant.
1402 3624 1471 3698 Sed

243 3750 287 3822 de
302 3751 461 3846 strophis
476 3773 498 3841 4
512 3766 547 3821 et
564 3765 578 3840 5
598 3775 674 3821 non
691 3749 788 3822 idem
808 3751 878 3821 dici
890 3765 1026 3845 potest;
1047 3774 1130 3820 narn
1148 3751 1297 3820 initium
1313 3747 1472 3844 strophae

245 3875 383 3969 quintae
396 3873 459 3967 (Et
480 3898 608 3969 cupere
626 3873 758 3968 optatis
780 3898 811 3943 v.
833 3873 897 3966 17)
916 3889 1038 3967 aperto
1060 3871 1172 3942 modo
1193 3896 1211 3942 e
1237 3872 1311 3942 fine
1337 3887 1472 3966 quartae

245 3991 395 4090 pend'et;
418 3995 516 4068 unde
542 3996 717 4068 affirmare
749 3995 832 4066 licet
863 3994 974 4067 semel
1007 3992 1134 4065 saltem
1170 4013 1314 4088 poetam
1343 3993 1471 4087 legem,

246 4142 356 4214 quam
372 4119 474 4213 sequi
495 4119 532 4188 in
554 4120 679 4190 animo
699 4119 960 4201 constituisset,
982 4117 1188 4187 violavisse.
1206 4116 1411 4210 Ceteroqui,
1434 4131 1475 4185 ut

246 4241 386 4310 sincero
401 4241 527 4311 animo
543 4240 716 4324 dicamus,
739 4238 897 4335 strophae
919 4243 950 4320 6,
968 4261 998 4330 7,
1021 4242 1093 4308 8et
1116 4261 1135 4328 9
1158 4239 1236 4308 sine
1263 4237 1475 4309 difficultate

246 4362 421 4434 constitui
451 4378 617 4457 possunt.
647 4363 687 4433 ln
726 4362 841 4458 elegia
881 4377 979 4433 sexta
1011 4359 1177 4456 strophas
1212 4385 1271 4432 sex
1301 4383 1474 4431 versuum

247 4486 410 4557 invenire
425 4484 553 4556 valeas.
570 4485 653 4556 Non
673 4485 770 4555 enim
790 4483 1074 4556 adversariorum
1090 4499 1304 4578 argumenta
1321 4507 1475 4578 quoquo
