3398 5468
745 589 938 661 -n—

400 894 527 966 Unum
555 890 643 963 litus
670 891 736 961 erit
761 889 892 984 sopitis
919 912 1064 984 unaque
1091 903 1187 959 tecto

463 1012 592 1098 Arbor,
612 1029 647 1085 et
674 1032 725 1084 ex*
743 1035 816 1083 una
843 1035 936 1106 saepe
963 1008 1132 1082 bibemus
1158 1034 1260 1105 aqua.

231 1234 327 1318 Mox,
354 1234 508 1330 graviter
534 1247 732 1330 aegrotante
757 1228 888 1328 puella,
912 1232 1036 1301 lovem
1060 1229 1251 1301 invocabat
1277 1244 1314 1300 et
1336 1227 1461 1300 orabat

232 1372 272 1429 ut
285 1380 358 1428 una
372 1356 499 1428 saltem
515 1354 665 1451 pulchra
685 1356 722 1425 in
742 1355 881 1449 superis
902 1352 991 1424 locis
1011 1377 1088 1424 esse
1102 1367 1225 1449 posset
1239 1351 1301 1446 (H,
1318 1352 1413 1445 28)(
1429 1351 1457 1446 ).

281 1480 357 1550 lam
377 1496 500 1550 tamen
526 1477 594 1550 sibi
619 1475 895 1573 philosophiam
916 1475 1099 1571 quandam
1125 1491 1230 1571 poeta
1249 1476 1459 1546 invenerat:
1559 1499 1561 1502 ⁴

235 1628 310 1674 non
327 1603 403 1675 lieri
417 1626 524 1698 posse
540 1616 580 1673 ut
596 1599 727 1696 puellae'
741 1625 816 1672 non
839 1616 986 1696 peccent
1000 1625 1007 1684 ;
1024 1599 1148 1671 eadem
1162 1614 1244 1670 ante
1261 1596 1461 1692 Cynthiam

113 1710 116 1715 ὅ
233 1726 358 1797 fecisse
389 1723 555 1810 Lesbiam
570 1725 637 1817 (ll,
661 1725 751 1817 32);
776 1723 926 1807 isidem,
946 1724 1078 1794 vinum
1100 1722 1297 1795 mulierum
1319 1723 1464 1793 incons-

235 1850 357 1921 tantiae
380 1872 504 1920 causas
527 1871 604 1919 esse
617 1848 678 1941 (ll,
695 1870 709 1938 3
719 1847 777 1940 3);
795 1846 972 1918 Amorem
987 1870 1094 1942 super
1108 1844 1219 1918 libera
1233 1844 1326 1917 colla
1341 1843 1462 1919 sedete

233 1971 293 2065 (ΙΙ,
313 1972 387 2064 30).
404 1970 622 2054 Contentus,
641 1970 670 2040 si
691 1968 881 2040 dominam
903 1968 1015 2040 semel
1036 1969 1073 2039 in
1095 1967 1187 2040 lecto
1208 1967 1325 2042 solam
1346 1990 1465 2064 reppe-

167 2130 169 2134 ’
235 2095 338 2167 risset
356 2094 418 2188 (II,
442 2095 516 2187 29),
539 2117 617 2164 eam
638 2107 870 2164 constantem
890 2109 926 2164 et
941 2108 1074 2164 certam
1094 2116 1171 2164 esse
1187 2091 1387 2164 affirmabat
1402 2092 1463 2186 (H,

239 2239 299 2310 34,
324 2219 398 2313 rr).
421 2217 559 2289 Omnia
580 2218 715 2313 perpeti
736 2233 983 2302 consueverat,
999 2240 1083 2288 cum
1104 2215 1308 2288 secundum
1328 2214 1462 2287 librum

229 2337 387 2411 'scribere
408 2338 525 2423 desiit,
547 2354 582 2410 et
601 2339 750 2410 tertium
771 2337 966 2409 incohavit.

285 2462 373 2534 Inde
402 2463 444 2535 fit
467 2477 508 2534 ut
536 2464 573 2532 in
598 2458 662 2533 illo
690 2462 796 2533 tertio
824 2460 916 2533 libro
942 2485 1016 2532 non
1045 2459 1114 2532 hos
1137 2459 1329 2541 tumultus¹
1350 2460 1464 2531 animi

238 2586 480 2670 inveniamus,
519 2585 582 2680 qui
627 2608 689 2679 per
727 2601 848 2655 totum
893 2582 1028 2656 librum
1073 2582 1277 2655 secundum
1311 2584 1463 2679 spirant.

237 2709 445 2805 Propertius
476 2705 711 2803 placidiorem
732 2705 800 2779 sibi
833 2708 946 2779 vitam
973 2707 1100 2777 fecisse
1126 2693 1278 2778 uidetur.
1309 2707 1351 2778 Ei
1374 2720 1466 2777 certe
1523 2699 1527 2717 ’

238 2848 335 2903 stant
355 2831 442 2903 dura
469 2854 553 2902 cum
582 2830 733 2903 domina
756 2854 820 2902 sua
847 2829 968 2926 praelia
993 2831 1049 2923 (5,
1073 2831 1124 2921 2).
1154 2828 1223 2901 Sed
1250 2853 1329 2901 eam
1350 2809 1484 2901 solam·

237 2978 352 3026 vacuo
378 2953 471 3026 lecto
496 2951 675 3024 tabescere
701 2953 788 3042 sinit
815 2954 868 3047 (6,
892 2977 911 3024 2
915 2954 967 3046 5).
1002 2952 1090 3023 Eius
1115 2950 1300 3024 furoribus
1322 2949 1467 3048 gaudet,

211 3061 213 3064 ⁵
240 3053 374 3172 quippe
401 3076 465 3171 qui
494 3075 567 3146 veri
591 3073 718 3147 caloris
747 3074 851 3171 signa
878 3076 953 3146 sint
979 3074 1033 3168 (8,
1065 3076 1113 3169 9).
1145 3073 1287 3149 Rivales
1332 3077 1467 3146 mirum

239 3196 277 3266 in
304 3218 427 3267 amore
453 3193 735 3267 condimentum
762 3219 839 3268 esse
859 3195 994 3268 iudicat
1019 3197 1072 3290 (8,
1091 3219 1204 3290 55-54
1221 3222 1231 3269 .·

347 3415 423 3488 Aut
448 3431 570 3488 tecum
597 3433 660 3489 aut
686 3439 750 3512 pro
777 3432 813 3489 te
840 3417 932 3489 mihi
959 3442 1043 3490 cum
1070 3387 1243 3490 rivalibus
1270 3442 1367 3489 arma

437 3537 586 3633 Semper
613 3554 747 3610 erunt:
776 3539 814 3609 in
842 3555 876 3611 te
903 3564 970 3635 pax
998 3538 1089 3611 mihi
1118 3538 1219 3611 nulla
1245 3538 1387 3637 placet).

242 3759 407 3834 Natalem
432 3782 509 3832 suae
534 3759 664 3854 puellae
688 3761 785 3833 diem
813 3760 896 3834 laeto
921 3765 1047 3835 animo
1067 3759 1220 3834 celebrat
1248 3764 1343 3858 (10).
1366 3761 1470 3834 Certe

242 3883 418 3955 feminam
445 3906 583 3956 versare
619 3907 724 3955 suam
753 3885 866 3955 vitam
894 3885 1028 3957 fatetur
1052 3887 1148 3981 (ΙΙ).
1170 3885 1239 3959 Sed
1268 3886 1372 3957 cuius
1397 3885 1471 3955 vita

243 4030 262 4076 a
288 4005 425 4077 femina
449 4030 523 4079 non
553 4006 791 4078 vexatafuit?
810 4006 913 4079 Certe
942 4008 1057 4080 avidis
1078 4008 1209 4106 puellis
1237 4023 1362 4079 noctes
1383 4021 1471 4078 sunt

279 4398 321 4467 (r)
339 4395 381 4453 Cf.
398 4397 433 4463 Il,
448 4413 464 4469 9
480 4416 486 4463 ;
503 4414 558 4450 non
571 4395 718 4450 necessario
740 4396 866 4451 alterutra
886 4397 971 4470 elegia
986 4399 1191 4470 transponenda,
1212 4413 1274 4452 cum
1293 4398 1331 4451 bis
1350 4395 1471 4467 Cynthia

242 4488 354 4560 graviter
367 4499 493 4559 aegrotare
508 4487 633 4558 potuerit.

1346 4597 1362 4642 4
