3398 5468
694 517 886 601 „89„.

176 726 250 772 non
284 701 327 773 ad
356 699 566 797 augendum
601 700 773 772 traditum
808 699 1005 796 elegiarum
1041 715 1234 770 numerum
1276 698 1402 770 valere.

177 825 384 919 Ceteroqui,
402 840 441 895 ut
469 823 671 919 desperatas
698 822 840 920 elegias,
863 822 906 894 de
936 821 1070 918 quibus
1101 821 1403 918 supradiximus
1440 910 1445 921 υ

177 948 403 1031 omittamus,
426 945 559 1018 talibus
580 945 825 1018 divisionibus
842 970 917 1016 non
931 961 984 1016 est
995 944 1233 1016 abutendum.
1253 945 1346 1016 Nam
1367 945 1403 1015 in

178 1069 292 1165 elegia
326 1092 382 1161 29,
415 1068 477 1140 ubi
504 1067 731 1164 Rossbergus
759 1069 833 1140 duo
855 1069 1014 1138 carmina
1040 1069 1261 1139 constituere
1289 1066 1407 1138 voluit

176 1190 480 1284 (Lucubrationes
500 1191 753 1285 Propertianae,
774 1189 890 1274 Stade‚
919 1192 1021 1281 1877,
1045 1214 1077 1284 p.
1106 1211 1158 1281 17,
1181 1190 1289 1283 sqq.),
1315 1187 1406 1260 nihil

178 1329 231 1384 est
256 1338 330 1409 quo
357 1311 562 1395 offendaris,
585 1313 614 1384 si
641 1313 950 1408 compositionem
978 1311 1093 1383 solam
1116 1310 1407 1396 consideraveris

178 1450 260 1529 post
283 1449 461 1530 receptam
491 1435 633 1506 Heinsii
659 1435 920 1506 correctionem
948 1435 1055 1528 (voce
1081 1435 1244 1506 Hesterno
1268 1458 1338 1506 vr
1369 1435 1405 1504 in

178 1557 337 1629 Extrema
356 1558 524 1651 mutata).

226 1696 595 1791 Transpositionibus
614 1698 841 1791 frequentius
862 1698 970 1766 etiam
985 1713 1073 1767 sunt
1088 1698 1156 1768 usi.
1177 1697 1282 1781 Nam,
1305 1713 1344 1769 ut
1364 1697 1407 1768 de

179 1818 445 1891 Baehrensianis
470 1817 819 1914 transpositionibus
852 1834 999 1902 taceam,
1026 1843 1106 1914 quae
1140 1818 1232 1891 mihi
1258 1819 1407 1915 quidem

179 1928 305 2036 parum
325 1941 477 2013 feliciter
500 1920 709 2038 excogitatae
737 1941 918 2026 videntur,
937 1958 973 2014 et
999 1940 1042 2013 de
1069 1944 1204 2028 ceteris,
1233 1944 1296 2038 qui
1326 1958 1409 2014 ante

180 2064 328 2135 Ottium
349 2064 487 2161 aliquid
509 2064 552 2136 de
568 2065 689 2161 aliqua
709 2064 822 2161 elegia
851 2064 1047 2136 dicendum
1078 2067 1308 2150 invenerunt,
1334 2066 1409 2137 sola

180 2186 324 2257 Ortiani
356 2188 524 2283 opusculi
561 2188 667 2259 lectio
707 2213 774 2259 nos
816 2187 943 2260 docete
972 2204 1092 2283 potest
1120 2190 1192 2260 iere
1233 2189 1409 2261 omnibus

180 2307 304 2405 elegiis
333 2334 458 2382 versus
484 2311 613 2396 inesse,
649 2311 711 2405 qui
745 2310 852 2381 alicui
881 2335 957 2382 non
985 2335 1094 2382 suurn
1126 2310 1249 2382 locum
1289 2327 1411 2383 tenere

183 2432 248 2502 visi
275 2433 357 2502 sint.
390 2433 433 2502 Et
462 2449 553 2504 certe
584 2457 603 2503 a
630 2449 731 2504 sexto
764 2433 907 2504 decimo
937 2431 1071 2505 saeculo
1092 2432 1199 2504 bonae
1218 2434 1411 2528 transposi-

181 2553 300 2625 tiones
319 2554 476 2625 inventae
498 2572 594 2625 sunt.
617 2556 671 2625 Ne
691 2555 729 2624 in
757 2553 933 2626 omnibus
953 2578 1069 2650 vager,
1092 2571 1188 2625 sexta
1218 2553 1331 2651 elegia
1358 2579 1409 2626 ex.

181 2699 214 2770 g.
227 2699 318 2770 quae,
334 2676 427 2746 sicut
441 2677 478 2745 in
496 2674 682 2748 codicibus
693 2675 838 2772 legitur,
852 2673 956 2771 plane
973 2668 1115 2747 tolerari
1132 2701 1207 2747 non
1225 2692 1354 2772 potest,
1368 2675 1410 2747 ab

181 2797 472 2891 Heydenreichio
492 2800 650 2893 primum
672 2799 834 2892 (Quaest.
851 2799 968 2894 Prop.‚
986 2798 1148 2884 Dresdae,
1171 2802 1274 2893 1875,
1291 2825 1324 2895 p.
1338 2800 1411 2893 11),

182 2945 392 3017 quanquam
409 2923 485 3016 ipse
499 2945 563 2993 sua
579 2939 798 3005 commenta,
813 2937 903 2993 teste
920 2921 1026 2993 Ottio
1041 2925 1095 3017 (p.
1106 2924 1158 3015 8),
1171 2920 1410 3017 dereliquerit,

182 3041 312 3115 deinde
325 3044 464 3140 abipso
480 3044 587 3116 Ottio
606 3043 784 3115 tolerabili
801 3069 886 3115 sane
902 3043 1015 3114 modo
1036 3060 1089 3115 est
1112 3045 1286 3115 restituta.
1308 3045 1412 3117 Ross-

182 3164 280 3262 bergi
300 3168 352 3262 (p.
374 3169 435 3260 16)
457 3163 759 3261 transpositiones
776 3167 813 3235 in
835 3163 949 3262 elegia
967 3166 1040 3256 aql,
1063 3190 1152 3261 quas
1174 3166 1302 3237 Ottius
1321 3167 1413 3237 vitu·

182 3305 280 3384 perat
295 3290 347 3384 (p.
373 3292 445 3383 13),
468 3313 542 3360 non
571 3262 852 3360 contemnendae
879 3304 976 3360 sunt.
994 3288 1093 3360 ldem
1109 3287 1152 3360 de
1186 3287 1313 3360 multis
1333 3288 1412 3361 aliis

182 3411 529 3506 transpositionibus
547 3411 654 3483 dicas.
673 3411 800 3482 Ottius
816 3412 924 3482 etiam
941 3409 1142 3506 desperatas
1158 3412 1289 3508 elegias
1305 3415 1325 3482 8
1340 3427 1375 3482 et
1391 3433 1410 3503 9

182 3533 530 3628 transpositionibus
557 3536 632 3606 suis
657 3533 781 3629 aliquo
803 3534 915 3605 modo
953 3532 1158 3606 tolerabiles
1179 3535 1287 3606 efficit
1312 3536 1365 3630 (p.
1391 3556 1410 3624 9

183 3671 218 3727 et
240 3650 311 3750 10).
330 3655 399 3727 Sed
416 3656 459 3727 de
475 3656 651 3742 omnibus
676 3656 733 3728 his
748 3655 1108 3751 transpositionibus
1129 3659 1296 3753 quamvis
1319 3680 1413 3752 saepe

183 3777 372 3850 laudandae
392 3779 468 3850 iure
489 3780 739 3863 nominentur,
756 3795 877 3850 tamen
899 3777 970 3850 dici
984 3795 1103 3874 potest
1121 3804 1179 3850 eas
1197 3804 1273 3851 raro
1302 3757 1413 3851 certas

184 3925 271 3986 esse,
288 3902 359 3972 fere
377 3925 518 3997 semper
533 3918 678 3973 tantum
693 3901 923 3986 verisimiles3
943 3882 1214 3998 nonnunquam
1230 3903 1338 3974 etiarn
1355 3926 1413 3989 eas

183 4023 287 4095 falsas
311 4048 388 4095 esse
413 4024 704 4096 demonstratum
727 4040 790 4095 est.
812 4025 873 4094 Ex.
893 4050 925 4120 g.
949 4026 985 4095 in
1009 4023 1123 4122 elegia
1148 4027 1263 4121 prima
1288 4049 1412 4097 versus

182 4148 239 4235 5·6
263 4170 337 4217 non
361 4146 623 4240 transponendi
647 4162 745 4230 sunt,
762 4163 797 4217 et
814 4170 847 4216 v.
865 4147 996 4242 quinto
1019 4146 1093 4246 vidi
1115 4146 1312 4244 legendum
1338 4164 1411 4233 est;

186 4293 270 4338 narn
285 4270 374 4362 cogis
388 4269 445 4362 (in
462 4270 495 4340 N
509 4268 542 4339 A
557 4270 649 4341 FV2
668 4270 744 4363 Da)
759 4261 802 4341 et'
812 4271 897 4364 togis
912 4271 970 4364 (in
991 4271 1099 4364 DV),
1115 4295 1133 4342 e
1162 4271 1296 4367 quibus
1312 4272 1413 4342 coccis

183 4390 439 4462 Lachmannus
460 4393 686 4488 excogitavit,
707 4407 852 4463 tantum
869 4391 1122 4489 dittographiae
1143 4392 1309 4465 vocabuli
1336 4394 1413 4466 Cois
