3398 5468
705 561 898 635 -37..

188 751 274 804 rum
289 732 401 803 fuisse
417 731 591 813 dicamus,
613 731 643 802 si
659 728 794 802 talibus
823 730 861 800 in
884 725 1070 825 nequitiis
1085 743 1087 746 ⁴
1100 729 1225 826 quales
1259 729 1417 824 Cynthia

185 856 420 926 >committere
436 877 516 934 non¹
526 851 716 936 dubitavit,
733 853 972 925 conniveret?
988 879 1006 924 r>
1044 853 1087 924 Et
1111 868 1202 925 certe
1218 852 1417 946 Cynthium

193 964 486 1074 impudicissimo
498 998 599 1049 more
613 978 745 1049 vixisse
758 990 910 1048 constat.
925 976 1084 1049 Marxius
1098 979 1150 1072 (p.
1171 977 1234 1071 51)
1245 977 1417 1048 maritum

193 1125 255 1198 per
287 1101 487 1196 plurimum
521 1115 667 1196 tempus
704 1101 832 1202 Romae
881 1121 957 1171 non
1002 1100 1115 1172 fuisse
1159 1101 1339 1196 opinatur.
1377 1099 1418 1178 Ei

187 1225 370 1296 'assentior
384 1223 485 1318 (vide
501 1223 568 1295 loc.
586 1224 643 1294 cit.
660 1224 700 1308 ΙΙ,
717 1244 774 1311 23,
794 1224 939 1317 19-2o);
969 1221 1030 1295 sed
1052 1221 1178 1295 multae
1203 1223 1310 1294 etiam
1340 1221 1418 1294 aliae

192 1364 279 1420 sunt
295 1369 410 1419 causae
430 1368 493 1418 cur
508 1345 668 1440 Cynthia
681 1359 755 1418 tarn
777 1344 960 1418 horrendo
980 1346 1093 1419 modo
1113 1348 1232 1418 vivere
1249 1346 1418 1443 potuerit.

189 1470 371 1554 Primum,
392 1470 544 1541 forsitan
561 1471 722 1541 coniunx
745 1470 851 1540 annis
873 1458 928 1543 vel
967 1454 1314 1542 morbo-confectus
1340 1468 1422 1554 fuit,

194 1606 234 1663 ut
259 1614 410 1664 uxorem
434 1615 536 1664 suam
557 1613 632 1663 non
657 1593 742 1664 satis
768 1592 805 1662 in
832 1610 944 1664 manu
961 1587 1117 1664 haberet.
1134 1593 1239 1677 Dein,
1266 1593 1296 1663 si
1321 1590 1422 1672 locos

189 1712 313 1809 ,primo
330 1714 446 1810 ¹capite
466 1716 536 1786 iam
565 1715 693 1786 citatos
722 1714 938 1796 consideres,
968 1712 1126 1808 Cynthia
1155 1715 1278 1787 dotata
1309 1713 1422 1786 fuisse

192 1833 346 1921 videtur,
361 1851 395 1908 et
409 1836 479 1909 hoc
502 1841 656 1910 uxorum
678 1850 796 1934 genus
811 1858 968 1934 persaepe
984 1825 1134 1934 pudoris
1154 1837 1252 1934 leges
1273 1837 1421 1933 fregisse

189 1960 380 2031 novimus.
402 1960 603 2046 Postremo,
624 1949 698 2031 non
723 1960 880 2031 omnino
898 1950 1139 2033 necessarium
1154 1976 1207 2032 est
1221 1958 1420 2054 Cynthium

193 2100 237 2153 eo
257 2083 548 2178 temporefuisse
563 2084 778 2168 maritatam,
801 2106 875 2178 quo
905 2107 924 2154 a
954 2099 1060 2178 poeta
1087 2099 1204 2154 amata
1230 2097 1293 2154 est.
1326 2083 1420 2155 Nam

189 2198 285 2278 nihil
306 2204 457 2278 aliudet
482 2220 588 2300 poeta
605 2208 681 2301 ipse
697 2218 732 2277 et
751 2204 932 2277 Iuvenalis
969 2205 1060 2299 (Sat.
1081 2206 1150 2299 Vl)
1182 2203 1319 2291 dicunt,
1350 2207 1420 2277 nisi

190 2328 403 2423 Cynthium,
420 2328 556 2402 Lesbrae
571 2330 723 2427 vestigia
744 2315 985 2425 prementem
1009 2330 1204 2426 coniugem
1224 2328 1394 2401 fefellisse
1411 2355 1419 2415 ;

189 2442 237 2525 de
254 2467 418 2549 tempore
438 2467 567 2526 tacent.
600 2445 726 2550 Atqui
745 2453 836 2525 mihi
858 2453 1006 2549 quidem
1026 2468 1164 2525 certum
1191 2470 1245 2526 est
1280 2455 1350 2525 iam
1376 2477 1420 2526 eo

185 2575 365 2672 tempore,
401 2599 476 2673 quo
510 2576 810 2673 quinquennium
846 2576 1029 2670 inceperit,
1057 2574 1255 2668 Cynthiam
1280 2577 1318 2646 in
1347 2591 1420 2648 arte
1511 2583 1515 2590 '

191 2699 361 2795 coniugis
374 2697 522 2770 fallendi
540 2720 616 2770 non
637 2697 749 2770 fuisse
764 2697 996 2783 tirunculam,
1024 2715 1059 2768 et
1085 2696 1162 2769 fieri
1182 2713 1303 2793 potest
1319 2697 1420 2771 locos

192 2823 320 2893 citatos
335 2819 378 2892 ad
397 2821 433 2892 id
456 2832 602 2916 ternpus
629 2822 929 2917 quinquennium
949 2820 1154 2917 praecedens
1174 2842 1251 2893 esse
1272 2821 1422 2893 referen-

192 2943 269 3015 dos.
286 2942 542 3016 Nihilominus
556 2945 597 3027 ΙΙ,
621 2966 676 3035 23,
701 2966 807 3037 19·2o
838 2943 1081 3023 considerans,
1110 2941 1220 3014 simul
1249 2958 1283 3015 et
1304 2925 1421 3015 obser-

193 3089 282 3137 vans
306 3065 504 3160 Cynthium
520 3090 582 3162 per
601 3066 734 3162 gradus
747 3067 927 3162 quosdam
943 3064 986 3137 ad
1007 3081 1171 3163 apertum
1187 3065 1420 3150 adulterium,

190 3203 378 3284 ,postremo
427 3187 470 3259 ad
512 3186 799 3261 concubinatum
842 3186 1082 3273 descendisse,
1125 3204 1215 3283 puto
1248 3189 1419 3260 maritum

192 3326 367 3408 tempore,
396 3335 470 3407 quo
498 3327 604 3407 poeta
635 3311 839 3385 secundum
873 3310 1008 3384 librum
1035 3310 1237 3384 absolveret
1268 3312 1332 3406 (II,
1363 3333 1418 3402 32,

193 3436 320 3528 27-28)
359 3434 553 3506 decessisse
585 3460 592 3520 3
623 3450 662 3505 ut
698 3436 848 3506 maritus
885 3457 961 3505 non
989 3432 1078 3510 levis
1108 3436 1288 3506 momenti
1313 3434 1420 3506 fuerit

192 3557 236 3628 ad
253 3557 414 3653 praetoris
431 3578 582 3629 munera
597 3557 775 3628 reicienda
793 3557 839 3652 (I,
861 3558 931 3652 ub)
955 3573 990 3628 et
1016 3573 1180 3653 tempore
1201 3559 1317 3653 quarti
1340 3556 1419 3629 libri

194 3679 353 3773 ¹Cynthia
367 3695 401 3750 et
417 3669 611 3774 poete'una
632 3681 751 3751 vivere
767 3681 953 3776 potuerint
968 3680 1069 3774 (vide
1085 3680 1204 3775 infra).

191 3847 193 3852 ·
241 3814 310 3890 Vix
354 3818 569 3922 ineuntibus
600 3816 796 3901 amoribus,
845 3834 950 3916 poeta
996 3820 1109 3891 sensit
1151 3843 1188 3892 se
1216 3841 1279 3915 per
1316 3821 1420 3916 ignes

166 3936 303 4014 ¹cineri
347 3941 478 4014 doloso
517 3944 728 4038 suppositos
768 3943 974 4015 incessisse.
1040 3943 1144 4015 Certe
1189 3943 1417 4040 Propertium

192 4063 353 4159 Cynthia
388 4063 544 4149 amabat,
587 4065 721 4160 quippe
759 4088 840 4160 quae
880 4088 965 4136 eum
1004 4064 1248 4137 verisimiliter
1292 4063 1336 4137 ad
1381 4086 1420 4136 se

191 4186 382 4272 allexisset,
417 4202 452 4258 et
482 4188 609 4282 primis
639 4186 828 4259 mensibus
861 4187 980 4281 (quod
1011 4188 1265 4260 animadvertit
1294 4186 1420 4260 Plessi·
1513 4176 1514 4179 ¹

194 4305 290 4401 sius)
331 4307 413 4404 plus
447 4310 581 4379 amoris
612 4332 729 4403 quem
763 4324 869 4403 poeta
912 4309 1115 4382 ostendisse
1143 4310 1287 4382 videtur
1318 4306 1419 4404 (vide

192 4430 219 4517 1,
255 4453 288 4522 3,
315 4429 377 4502 ubi
407 4447 512 4526 poeta
538 4432 691 4502 amicam
740 4431 922 4528 neglegit;
961 4448 995 4503 et
1037 4432 1062 4517 Ι,
1106 4436 1125 4503 6
1170 4431 1232 4504 ubi
1260 4430 1419 4528 Cynthia
