3398 5468
822 552 1015 620 ..90-

304 717 424 811 (Clror‘s
444 718 584 812 scripti)
607 733 705 798 sunt,
720 733 754 788 et
773 716 855 800 vidi,
872 716 971 813 quod
997 717 1040 788 ab
1061 717 1159 788 Italis
1186 716 1300 801 datur,
1316 741 1397 788 vera
1425 717 1532 790 lectio

305 856 368 911 est.

353 975 406 1045 De
440 973 579 1044 lacunis
605 998 680 1044 non
709 972 893 1056 disseram,
923 998 1011 1069 quas
1039 972 1133 1068 apud
1164 974 1344 1070 quosdam
1378 973 1534 1046 editores

304 1095 440 1192 ubique
456 1098 635 1192 inspersas
647 1097 822 1180 invenias,
839 1098 973 1191 quippe
986 1121 1140 1191 quarum
1156 1097 1370 1168 verisimiles
1386 1114 1532 1169 tantum

304 1220 462 1290 rationes
474 1219 678 1302 afferantur,
699 1243 817 1314 neque
837 1218 880 1289 ab
896 1218 1071 1290 omnibus
1085 1219 1215 1290 iisdem
1232 1217 1321 1290 locis
1337 1235 1532 1314 ponantur.

303 1343 395 1414 Item
411 1341 455 1414 de
477 1340 854 1412 contaminationibus
882 1341 1077 1436 elegiarum
1103 1341 1247 1425 tacebo;
1265 1367 1349 1413 nam
1367 1342 1532 1439 Gruppii‚

304 1465 468 1548 Caruttii,
497 1462 732 1535 Heimreichii
759 1464 909 1559 (quill,
947 1485 990 1534 10
1017 1488 1102 1534 cum
1121 1465 1178 1548 HI,
1206 1487 1225 1553 9
1258 1467 1534 1549 contaminavit,

305 1589 445 1669 Quaest.
466 1588 874 1683 Prop.,Bonnae,1863,
896 1610 927 1680 p.
951 1588 1016 1678 29)
1037 1603 1245 1658 commenta
1272 1612 1370 1658 nunc
1393 1591 1469 1660 iure
1494 1591 1533 1660 in

303 1713 377 1783 situ
395 1712 523 1782 iacent.

352 1846 403 1915 Ex
423 1843 480 1915 his
496 1843 692 1939 elegiarum
711 1842 964 1927 divisionibus,
986 1845 1533 1950 versuumtranspositionibus,

305 1966 516 2039 lacunarum
537 1968 652 2062 signis
673 1970 794 2037 tamen
816 1965 953 2061 aliquid
981 1966 1150 2038 concludi
1179 1983 1308 2062 potest,
1336 1992 1466 2063 nempe
1496 1970 1532 2039 in

305 2090 486 2186 plerisque
509 2088 659 2160 secundi
680 2088 760 2159 libri
790 2088 1012 2161 carminibus
1039 2088 1204 2160 ordinem
1240 2088 1340 2161 libris
1360 2091 1534 2162 traditum

305 2213 526 2309 quibusdam
544 2213 630 2284 viris
643 2210 759 2283 doctis
781 2237 856 2283 non
874 2212 1083 2284 satisfacere.⁴
1108 2214 1151 2284 Et
1172 2228 1263 2284 certe
1279 2212 1322 2284 de
1338 2213 1535 2308 elegiarum

305 2335 550 2407 divisionibus
583 2334 652 2405 dici
682 2349 803 2429 potest
823 2332 923 2405 illam
952 2336 1196 2429 quaestionem
1227 2359 1303 2405 non
1335 2336 1384 2406 ita
1410 2336 1536 2430 magni

304 2458 516 2543 faciendam,
545 2483 629 2530 cum
659 2460 696 2529 in
727 2458 826 2529 libris
847 2482 901 2529 res
921 2474 1017 2528 certo
1038 2483 1056 2528 a
1089 2473 1194 2552 poeta
1215 2457 1339 2530 divisae
1364 2482 1537 2555 nonnun-

306 2605 416 2676 quam
446 2606 522 2653 non
543 2582 751 2653 dividantur
770 2583 841 2675 (ex.
863 2581 950 2676 gin
972 2582 1114 2675 optimo
1142 2580 1265 2652 codice
1293 2580 1538 2676 Neapolitano

306 2703 395 2776 liber
425 2704 607 2777 secundus
643 2729 662 2775 a
698 2705 816 2800 primo
841 2727 916 2773 non
954 2704 1186 2799 seiungitur),
1225 2719 1259 2774 et
1286 2701 1424 2798 aliquas
1450 2704 1540 2775 divi-

306 2829 428 2899 siones
448 2829 663 2900 necessarias
683 2851 760 2899 esse
781 2827 951 2898 diximus.
989 2827 1057 2898 Sed
1085 2827 1127 2898 de
1149 2851 1322 2898 versuum
1343 2829 1540 2922 transposi-

306 2950 472 3022 tionibus
501 2967 534 3023 et
569 2952 707 3023 lacunis
745 2975 819 3021 non
852 2951 900 3021 ita
927 2949 1029 3020 facile
1064 2950 1199 3044 aliquid
1231 2951 1409 3022 statueris
1440 2952 1537 3022 Nam

307 3076 474 3170 quamvis
501 3073 673 3147 nonnulli
702 3098 826 3146 versus
877 3090 972 3145 certo
1011 3074 1141 3145 certius
1167 3098 1242 3145 non
1277 3099 1386 3146 suum
1412 3075 1537 3146 locum

306 3216 497 3294 occupent,
519 3199 686 3293 quamvis
703 3213 840 3269 certum
866 3198 911 3269 sit
935 3195 1139 3268 nonnullos
1164 3195 1369 3292 deperiisse,
1400 3198 1538 3269 mirum

307 3338 400 3393 esset
429 3320 592 3392 librarios
629 3321 708 3392 sine
747 3344 852 3391 causa
883 3319 953 3391 fere
991 3317 1128 3415 ubique
1160 3318 1326 3390 ordinem
1351 3319 1537 3412 traditum

307 3443 580 3539 perturbavisse,
607 3467 690 3515 cum
723 3444 866 3514 eumin
897 3443 1016 3538 primo
1041 3442 1134 3513 libro
1160 3443 1408 3513 servavissent.
1436 3443 1539 3538 Pagi-

308 3590 372 3636 nas
387 3565 444 3638 hic
461 3581 495 3637 et
508 3564 581 3636 illic
611 3564 811 3660 deperditas
828 3565 958 3636 iniuria
982 3565 1193 3660 suspiceris;
1211 3588 1307 3649 nam,
1324 3588 1538 3671 quanquam

309 3686 508 3760 nonnullas
539 3686 730 3784 deperiisse
777 3687 936 3772 arbitror,
979 3711 1053 3758 non
1092 3686 1383 3783 uniuscujusque
1415 3686 1539 3759 hiatus

308 3812 415 3883 talem
452 3813 623 3883 iacturam
671 3805 815 3883 causam
849 3811 960 3883 fuiss’e
994 3836 1077 3883 cum
1112 3810 1363 3906 probabilitate
1393 3811 1536 3884 dixeris.

308 3934 441 4030 Aliqua
457 3936 568 4031 igitur
583 3959 662 4030 pars
688 3934 799 4006 huius
834 3934 982 4006 secundi
1014 3933 1093 4004 libri
1132 3933 1328 4029 perturbati
1358 3950 1472 4006 status
1491 3934 1537 4006 ad

309 4060 429 4154 ipsum
455 4076 601 4154 poetam
630 4058 813 4130 referenda
844 4074 915 4143 est;
947 4073 990 4141 et,
1019 4060 1179 4152 inspecta
1208 4057 1415 4154 elegiarum,
1446 4082 1539 4153 quas

309 4183 483 4266 continet,
513 4182 763 4277 dispositione,
793 4180 902 4253 simul
948 4179 1170 4252 considerata
1204 4181 1419 4259 carminum,
1454 4204 1538 4276 quae

310 4306 434 4375 minus
462 4306 709 4399 suspicionem
743 4319 894 4374 movent
926 4305 996 4397 (ex.
1027 4328 1060 4398 g,
1103 4304 1165 4396 16)
1193 4302 1324 4374 laxiore
1356 4304 1538 4398 composi·

309 4428 421 4511 tione,
437 4426 612 4498 affirmare
627 4449 826 4521 possumus
839 4424 958 4520 (quod
976 4449 1082 4520 supra
1102 4423 1365 4527 indicavimus)
1389 4439 1536 4520 poetam
