3398 5468
702 545 898 612 *61*

181 724 293 822 vulgo
333 722 512 797 Corneliae
555 724 760 820 epicedium
788 742 823 798 et
849 750 869 799 a
893 727 1123 822 Koppiersio,
1158 720 1250 797 teste
1277 718 1413 797 Bootio

181 847 365 944 (Bijdrage
387 863 442 918 tot
463 845 507 919 de
523 846 652 920 liritiak
677 873 721 920 en
738 847 942 945 verklaring
965 871 1035 919 van
1061 845 1413 944 Propertius’laatste

182 969 304 1067 elegia,
320 968 564 1055 Amsterdam,
585 973 687 1062 1864,
708 996 741 1068 p.
761 972 799 1065 1)
815 970 1014 1068 elegiarum
1034 968 1229 1043 latinarum
1249 969 1413 1066 reginam

181 1090 397 1188 appellatam
429 1089 493 1187 (de
529 1088 748 1190 koningin),
777 1095 854 1167 iure
879 1063 1063 1166 Scharfibs
1089 1095 1143 1189 (p.
1175 1093 1239 1186 32)
1274 1091 1417 1165 confert·

183 1239 268 1288 cum
293 1214 349 1298 ΙΙΙ,
380 1235 397 1307 7
420 1230 456 1286 et
475 1216 534 1301 ΙΙΙ,
556 1217 597 1290 18
626 1215 689 1288 ubi
707 1215 751 1288 de
777 1217 865 1288 Paeti
894 1232 929 1288 et
951 1213 1111 1288 Marcelli
1139 1230 1256 1288 morte
1282 1215 1413 1311 agitur.

183 1336 386 1412 Fatendum
413 1354 535 1410 tamen
564 1340 601 1410 in
642 1338 805 1434 epicedio
840 1337 1032 1424 Corneliae,
1070 1339 1107 1410 in
1137 1357 1209 1434 qua
1245 1335 1416 1410 Cornelia

185 1476 328 1533 mortua
345 1461 518 1533 maritum
534 1460 746 1558 alloquitur,
763 1451 849 1534 cum
869 1462 1039 1549 formam,
1062 1478 1144 1544 tum
1162 1482 1292 1538 sensus
1311 1459 1415 1535 valde

185 1599 358 1681 praestare,
388 1598 423 1656 et
449 1584 649 1661 cumidem
676 1584 720 1657 de
738 1585 799 1671 IV,
830 1606 844 1674 3
877 1604 962 1656 cum
988 1585 1048 1672 Ill,
1081 1600 1124 1658 '12
1146 1582 1276 1658 collata
1299 1583 1416 1662 dicere

184 1704 381 1800 possimus,
398 1705 439 1776 in
452 1721 574 1801 aperto
591 1722 644 1777 est
657 1721 803 1802 poetam
819 1707 857 1777 in
871 1705 929 1777 his
943 1705 1181 1803 argumentis,
1198 1704 1263 1778 ubi
1278 1703 1322 1777 de
1337 1703 1417 1777 aliis

185 1829 313 1925 agitur,
334 1827 508 1922 paulatim
538 1828 741 1924 profecisse.

201 1995 204 2036 j
234 1970 384 2042 Restant
399 1988 460 2046 sex
474 1965 609 2064 elegiae,
633 1991 764 2064 nempe
784 1990 813 2053 1,
830 1991 862 2053 2,
879 1990 912 2060 4,
930 1971 962 2054 6,
979 1988 1011 2060 9,
1035 1987 1089 2039 ro.
1115 1968 1170 2039 De
1198 1967 1314 2062 prima
1339 1967 1418 2040 iure

185 2090 457 2162 Luetiohannes
471 2091 524 2185 (p.
537 2092 604 2186 47)
616 2090 707 2162 dixit
722 2090 822 2163 illam
835 2091 1009 2188 periegesi
1023 2088 1133 2162 Urbis
1150 2087 1290 2176 Romae,
1306 2089 1419 2187 quam

187 2215 386 2310 scripturus
414 2229 496 2298 erat,
514 2215 660 2310 poetam
681 2215 852 2310 prooemii
876 2212 958 2285 loco
979 2213 1231 2310 praeposuisse.
1255 2212 1417 2285 Alteram

188 2337 300 2410 huius
328 2335 452 2434 elegiae
479 2353 615 2432 partem
645 2337 721 2430 (vv,
750 2358 831 2431 7r·r
835 2337 912 2430 50),
933 2335 1127 2408 Plessisius
1154 2336 1417 2432 (Propertiana,

191 2460 302 2553 1886)
317 2476 514 2554 separatam
531 2458 684 2555 elegiam
701 2461 778 2531 esse
794 2460 924 2531 merito
945 2458 1110 2540 affirmat,
1127 2458 1176 2530 ita
1192 2474 1315 2532 tamen
1330 2474 1371 2532 ut
1398 2482 1416 2532 e

171 2574 172 2577 '
188 2581 369 2679 prioribus
395 2580 560 2654 versibus
573 2573 724 2653 initium
742 2583 883 2677 ceperit.
898 2579 955 2653 Ad
972 2580 1290 2678 illamperiegesin
1320 2582 1417 2676 (non

187 2705 310 2789 fastos,
338 2722 378 2777 ut
402 2704 639 2777 Lachmanno
665 2704 810 2801 placuit,
839 2721 902 2777 aut
926 2705 1114 2800 potestatis
1137 2704 1313 2778 Romanae
1339 2705 1422 2778 Ori·

188 2829 302 2925 gines,
325 2843 366 2901 ut
388 2829 603 2925 Herzberg0‚
635 2852 663 2914 1,
691 2834 735 2923 69

264 3066 366 3138 Sacra
392 3065 542 3162 diesque
570 3090 696 3138 canam
724 3083 758 3138 et
785 3067 1009 3164 cognomina
1037 3067 1151 3162 prisca
1178 3065 1367 3162 locorum)

190 3314 373 3410 pertinent
385 3312 508 3410 elegiae
524 3335 542 3383 2
565 3313 844 3407 (Vertumnus),
861 3334 883 3402 4
901 3311 1100 3408 (Tarpeia),
1116 3333 1136 3402 9
1155 3312 1220 3407 (de
1233 3310 1420 3406 Hercule),

194 3456 237 3506 10
263 3436 426 3530 (Jupiter
449 3434 656 3530 Feretrius).
684 3435 779 3507 Nam
800 3437 838 3506 in
856 3458 1076 3530 unaquaque
1096 3433 1226 3507 harum
1247 3449 1422 3531 quattuor

191 3556 387 3654 elegiarum
400 3581 524 3629 causas
532 3557 634 3629 affert
645 3557 744 3629 unde
758 3555 829 3629 loci
841 3573 903 3629 aut
917 3557 1072 3628 numina
1088 3580 1226 3629 nomen
1240 3555 1420 3629 duxerint.

190 3681 264 3753 Has
272 3680 430 3777 paucain
443 3705 480 3752 se
492 3672 624 3752 habere'
631 3679 767 3775 quibus
780 3678 1058 3752 admirationem
1073 3680 1422 3776 moveant(excepta

190 3803 340 3875 fortasse
372 3804 541 3899 Tarpeia)
570 3827 654 3874 cum
687 3802 859 3874 Plessisio
892 3782 1035 3896 (drudes
1066 3803 1234 3897 antiqua,
1266 3828 1300 3898 p.
1331 3805 1422 3899 297)

191 3926 314 4012 fateor,
333 3951 451 4024 neque
472 3925 641 3999 credibile
655 3941 708 3997 est
723 3942 840 4022 poetae
853 3925 1006 4021 gloriam
1017 3949 1079 4021 per
1094 3924 1178 3997 talia
1203 3927 1363 3997 carmina
1377 3926 1421 3999 ad

192 4048 364 4123 hibernos
389 4048 673 4143 Borysthenidas
700 4049 885 4144 pervenire
919 4049 1084 4144 potuisse
1108 4048 1227 4144 (unde
1270 4027 1421 4146 ¹quidam

192 4170 294 4261 fals0,
327 4197 410 4243 nam
441 4174 597 4244 metricae
625 4196 741 4244 causae
768 4171 925 4256 obstant,
953 4171 1029 4243 haec
1057 4171 1215 4243 carmina
1247 4171 1423 4266 Propertii

67 4337 69 4342 .
192 4292 448 4366 adulescentiae
478 4293 715 4388 tribuerunt).
747 4294 883 4366 Contra
913 4292 1027 4390 elegia
1055 4308 1081 4363 1a
1108 4291 1213 4365 valde
1244 4291 1424 4366 laudanda

190 4434 253 4502 est,
287 4434 321 4489 et
347 4417 471 4515 elegiae
502 4422 534 4503 6,
566 4442 649 4513 quae
674 4441 735 4514 per
765 4441 802 4489 se
834 4433 903 4489 stat
941 4432 975 4489 et
1014 4415 1199 4489 Actiacam
1230 4417 1421 4489 victoriam
