3398 5468
748 608 943 675 „40-

232 775 360 872 [apulo
376 775 423 859 Ο,
443 798 553 869 quem
570 775 749 845 immanes
773 789 1005 868 tempestates
1027 772 1282 869 interpretibus
1299 773 1459 843 movisse

231 897 457 994 Herzbergus
481 898 603 968 iocose
627 896 732 980 dicit3
758 894 826 968 allo
845 867 1099 981 Burmann⁴us;
1123 895 1236 990 aliquo
1262 892 1459 965 lachman-

233 1021 328 1116 nus].
348 1022 426 1093 Nos
439 1021 607 1092 certiores
622 1019 705 1090 iacit
723 1017 791 1089 sibi
810 1043 924 1088 caram
946 1016 1106 1113 puellam
1120 1042 1197 1090 esse
1211 1017 1403 1114 ereptam(
1428 1018 1474 1110 ),’

231 1140 275 1214 de
294 1158 410 1214 morte
431 1166 496 1213 sua
512 1141 646 1236 cogitat
665 1140 754 1234 (81³).
775 1140 869 1211 Nam
891 1138 1011 1210 rivalis
1032 1141 1110 1210 eius
1130 1137 1213 1210 sede
1233 1154 1287 1210 est
1306 1139 1457 1234 potitus,

158 1351 160 1359 y
232 1281 266 1336 et
282 1266 314 1337 ei
331 1266 463 1335 misero
478 1265 585 1334 ianua
599 1262 725 1333 furtim
740 1263 896 1357 aperitur
909 1262 981 1354 (9).
1000 1260 1104 1332 Certe
1120 1260 1246 1333 falsam
1265 1277 1300 1332 et
1315 1260 1467 1341 fraudes¹

231 1400 516 1481 componentem
538 1384 727 1455 dominam
750 1383 879 1454 misere
899 1399 996 1453 amat
1015 1383 1075 1477 (ll,
1095 1383 1192 1474 7;H,
1211 1405 1242 1473 9,
1259 1384 1304 1473 46
1322 1409 1328 1453 :
1349 1381 1459 1455 Solus

138 1584 140 1588 ,
231 1532 304 1592 ero,
321 1508 497 1603 quoniam
520 1530 595 1577 non
619 1503 702 1576 licet
720 1528 796 1575 esse
816 1506 966 1600 tuum);
988 1503 1048 1576 sed
1073 1529 1235 1576 amorem
1258 1505 1345 1577 vitia
1366 1504 1460 1599 Cyn-

232 1629 318 1702 thiae
348 1630 513 1712 vincunt,
537 1645 577 1699 ut
606 1629 638 1699 ei
666 1628 707 1712 ll,
741 1650 778 1698 11
810 1626 995 1712 valedicat,
1019 1627 1081 1698 ubi
1111 1629 1186 1699 iure
1216 1628 1351 1699 coicere
1376 1652 1460 1720 pos-

232 1776 361 1824 sumus
385 1775 535 1847 parvum
562 1750 757 1823 discidium
782 1751 971 1822 exstitisse.

281 1874 350 1946 Sed
365 1875 397 1945 ei
419 1872 598 1968 Cynthiae,
620 1897 701 1969 quae
718 1871 847 1944 crebris
864 1872 949 1944 fidei
970 1870 1233 1944 violationibus
1254 1887 1399 1968 poetam
1420 1874 1456 1944 in

232 1997 521 2093 desperationem
539 1994 761 2079 detrudebat,
784 2011 823 2067 ut
844 2010 999 2066 mortem
1016 2018 1189 2090 occupare
1205 1995 1363 2090 agitaret,
1382 2020 1458 2066 non

232 2121 415 2190 inanimo
438 2134 510 2190 erat
521 2135 562 2189 ut
582 2141 667 2189 eum
680 2141 827 2213 prorsus
843 2119 998 2189 reiteret.
1015 2117 1111 2189 Cum
1125 2118 1232 2189 'enim
1253 2135 1459 2188 amatorum

232 2245 335 2314 sinus
348 2266 421 2313 una
434 2241 647 2336 ponderaret
661 2241 721 2334 (ll,
748 2244 802 2324 16,
819 2242 893 2334 12),
910 2238 1160 2335 nullius-opes
1177 2265 1222 2312 ne
1236 2265 1295 2311 eas
1308 2238 1459 2335 quidem

232 2382 357 2461 poetae,
374 2365 549 2461 sprevisse
568 2363 720 2435 videtur.
742 2364 817 2433 lam
839 2361 962 2459 elegiae
977 2363 1004 2447 l,
1026 2363 1064 2433 8b
1085 2379 1247 2457 tempore
1263 2356 1471 2435 verisimile

232 2505 286 2562 est
311 2489 538 2583 Propertium
570 2512 646 2558 non
676 2484 797 2558 solum
827 2510 905 2557 eam
920 2484 1056 2559 blando
1076 2487 1245 2570 carmine,
1270 2485 1331 2558 sed
1350 2487 1459 2557 etiam

232 2635 319 2683 auro
338 2627 373 2683 et
392 2610 491 2682 lndis
511 2609 660 2681 conchis
673 2607 896 2680 sollicitasse.
919 2607 1155 2704 Aliquotiens
1171 2607 1246 2680 haec
1267 2608 1342 2680 duo
1361 2632 1460 2704 argu-

233 2750 356 2805 menta
375 2734 596 2828 coniungere
617 2731 706 2803 utile
726 2729 913 2803 credebat:
933 2733 974 2815 ll,
996 2734 1029 2815 8,
1056 2756 1107 2816 rr,

263 3013 265 3018 .
369 2954 520 3024 Munera
547 2969 681 3048 quanta
708 2951 799 3035 dedi,
822 2951 879 3024 vel
906 2953 1024 3048 qualia
1052 2954 1210 3024 carmina
1237 2953 1323 3024 feci!

232 3196 323 3267 Vide
344 3220 492 3292 quoque
511 3196 552 3280 ll,
578 3202 631 3279 16,
657 3200 784 3292 17-18:

349 3416 547 3511 Semperin
570 3417 761 3490 Oceanum
781 3420 893 3489 mittit
914 3444 972 3490 me
992 3442 1148 3515 quaerere
1168 3443 1342 3514 gemmas

489 3540 532 3609 Et
553 3538 654 3612 iubet
677 3565 719 3611 ex
739 3542 814 3635 ipsa
835 3539 959 3612 tollere
983 3541 1078 3612 dona
1093 3540 1201 3634 Tyro.

233 3759 275 3843 ll,
291 3780 310 3829 2
317 3781 331 3849 3
352 3774 387 3828 et
404 3761 734 3855 anqueriturpoeta
747 3760 937 3832 dominam
955 3786 1031 3833 esse
1045 3762 1254 3845 avidiorem,
1272 3778 1307 3832 et
1320 3786 1461 3858 semper

234 3903 329 3951 nova
348 3904 429 3974 quae
448 3883 647 3952 «astrictus
667 3899 766 3977 pater
785 3907 878 3978 saepe
894 3899 929 3954 te
944 3883 1084 3955 dedisse
1098 3882 1214 3980 ploret
1230 3911 1246 3950 >³
1266 3883 1461 3980 efflagitare

232 4000 333 4096 (vide
355 4002 444 4074 duas
464 4002 561 4073 haud
582 4027 709 4098 parum
724 4021 867 4076 vexatas
883 4005 1043 4101 elegias).
1067 4006 1142 4077 Nec
1162 4030 1201 4078 ea
1216 4005 1336 4076 solum
1357 4030 1462 4077 causa

234 4140 317 4208 erat,
346 4149 408 4197 cur
438 4124 596 4219 Cynthia
620 4127 848 4221 Propertium
881 4128 1033 4198 retinere
1061 4126 1181 4199 vellet.
1210 4127 1317 4199 Edito
1342 4128 1460 4223 primo

234 4246 337 4334 libr0,
354 4251 432 4320 eius
453 4273 589 4319 nomen
611 4250 649 4318 in
666 4251 836 4345 compitis
857 4266 891 4321 et
905 4250 1046 4321 circulis
1066 4275 1147 4321 cum
1171 4267 1287 4346 poetae
1310 4251 1461 4337 nomine

234 4369 452 4467 iungebatur
473 4372 532 4465 (ll,
556 4392 610 4455 20,
635 4396 704 4456 223
725 4373 765 4457 ll,
790 4394 847 4463 24,
875 4373 925 4467 2),
954 4389 1004 4458 ut,
1031 4373 1060 4443 si
1089 4397 1164 4443 non
1193 4389 1294 4468 grato
1324 4374 1458 4457 anim0,

234 4492 362 4564 saltem
388 4492 554 4587 superbia
578 4493 733 4587 quadam
760 4511 859 4565 mota
886 4519 970 4566 eum
1000 4519 1075 4565 non
1101 4518 1246 4589 prorsus
1275 4494 1460 4594 excludere
