3398 5468
811 533 1006 622 ’‘7⁶-

292 729 413 785 tamen
452 737 471 784 e
499 711 621 785 tabula
640 713 844 809 desumptis
864 713 1057 810 exemplis)
1076 717 1114 785 in
1149 715 1311 787 secundo
1334 714 1426 788 libro
1447 740 1522 788 ves-

291 837 388 931 tigia,
407 834 469 907 ubi
487 835 717 931 Propertium
743 834 942 908 violentius
960 836 1072 909 fuisse
1095 854 1328 911 commotum
1348 840 1520 910 vidimus.

292 957 505 1030 Ceterorum
533 957 710 1030 librorum
731 974 894 1054 tempore
914 976 949 1030 et
968 961 1042 1031 veri
1060 984 1188 1032 sensus
1215 977 1251 1033 et
1269 962 1426 1033 imitatio
1451 963 1522 1033 ius-

291 1098 369 1153 tum
409 1080 477 1153 sibi
515 1079 638 1178 locum
678 1082 715 1153 in
747 1106 854 1178 opere
884 1084 1120 1179 Propertiano
1154 1086 1389 1169 invenerunt,
1421 1084 1519 1158 unde

291 1203 424 1276 melius
449 1226 572 1275 secum
594 1202 816 1275 cohaerentes
841 1220 875 1275 et
891 1206 1058 1300 peritiore
1078 1205 1190 1277 modo
1214 1223 1430 1280 constructae
1452 1207 1519 1280 ele-

289 1328 358 1423 giae
386 1342 479 1398 natae
506 1342 603 1398 sunt.
643 1327 738 1398 Nam
766 1329 933 1421 quamvis
957 1352 977 1399 a
1005 1328 1111 1399 nobis
1146 1329 1405 1401 recentioribus
1435 1346 1519 1402 ante

289 1449 416 1520 omnia
435 1450 564 1520 veritas
584 1447 785 1530 extollatur,
808 1450 916 1520 etiam
941 1451 1005 1521 arti
1038 1475 1102 1522 sua
1132 1450 1209 1523 laus
1233 1468 1286 1523 est
1315 1452 1517 1538 tribuenda,

290 1594 408 1667 neque
424 1571 467 1642 iis
487 1571 678 1643 assentirer
695 1572 758 1666 qui
786 1571 833 1643 ob
863 1596 941 1643 eam
958 1571 1241 1645 Alexandrinam
1272 1575 1517 1647 imitationem

290 1708 459 1765 nostrum
471 1691 705 1788 despicerent.
722 1693 938 1788 Adstipulor
952 1697 1051 1765 eninr
1068 1695 1249 1780 Schulzio,
1275 1697 1338 1791 qui
1359 1698 1521 1791 (Romis-

289 1815 355 1887 che
390 1814 564 1912 Elegiker,
602 1825 647 1906 3²e
680 1814 844 1912 Auflage,
869 1817 1003 1899 Berlin,
1031 1820 1139 1906 1890,
1176 1841 1207 1911 p.
1249 1819 1336 1912 105)
1365 1819 1452 1890 dicit
1478 1821 1516 1890 in

287 1938 463 2033 Propertii
480 1936 702 2009 carminibus
718 1936 823 2008 docta
838 1937 1000 2034 exempla
1020 1962 1197 2009 sensuum
1215 1939 1377 2010 ardorem
1396 1939 1519 2012 mode·

287 2062 454 2131 ratiorem
472 2058 583 2132 simul
599 2075 634 2131 et
654 2059 841 2132 elatiorem
867 2061 1004 2132 efficere
1023 2062 1239 2158 (gemissigt
1254 2060 1328 2132 und
1345 2061 1517 2159 geadelt).

287 2184 340 2268 Et,
357 2200 397 2255 ut
417 2208 535 2255 meam
565 2186 783 2255 sententiam
803 2208 1022 2279 expromam,
1045 2184 1094 2255 ibi
1118 2185 1209 2257 mihi
1234 2186 1411 2281 praecipue
1435 2187 1519 2256 Pro-

288 2308 424 2402 pertius
439 2305 639 2402 praecellere
654 2306 808 2388 videtur,
835 2305 896 2377 ubi
918 2307 998 2378 duae
1017 2330 1071 2378 res
1086 2308 1159 2402 pari
1175 2306 1288 2378 modo
1311 2309 1517 2380 coniunctae

288 2447 384 2516 sunt,
406 2456 458 2502 ex.
473 2456 506 2527 g.
524 2429 567 2502 el.
588 2431 631 2515 ΙΙ,
659 2452 711 2514 12,
728 2453 849 2525 quam,
871 2431 1038 2524 quamvis
1060 2431 1096 2500 in
1114 2430 1275 2502 secundo
1293 2430 1384 2502 libro
1406 2433 1519 2503 conti-

288 2572 422 2638 neatur,
446 2553 639 2650 placidiore
662 2554 787 2624 animo
816 2554 982 2648 scriptam
1004 2553 1117 2625 fuisse
1142 2554 1311 2625 diximus.
1337 2554 1389 2626 lbi
1417 2556 1517 2626 enim

291 2699 332 2748 12
349 2700 474 2748 versus
490 2692 605 2771 poetae
619 2673 951 2747 Alexandrinorum
969 2676 1154 2761 imitatori,
1182 2699 1222 2746 12
1241 2677 1427 2773 Propertio
1449 2678 1517 2773 ipsi

286 2801 423 2871 amanti
443 2797 743 2870 tribuendisunt.

334 2922 385 2994 Ut
413 2946 462 3005 ea,
491 2945 572 3016 quae
605 2920 648 2992 ad
676 2921 929 2993 inventionem
968 2937 1140 3016 spectant,
1175 2920 1372 3004 absolvam,
1406 2946 1518 3016 pauca

285 3042 471 3115 adicienda
498 3059 585 3114 sunt
604 3067 685 3138 quae
706 3044 883 3138 praecipue
898 3042 941 3114 ad
958 3044 1116 3113 carmina
1132 3067 1206 3113 non
1228 3045 1402 3114 amatoria
1415 3045 1517 3138 perti-

288 3182 385 3237 nent.
408 3165 502 3238 Cum
528 3167 565 3236 in
596 3164 815 3261 quibusdam
838 3163 962 3260 elegiis
991 3164 1034 3236 de
1058 3166 1161 3236 certis
1187 3167 1352 3260 personis
1381 3182 1515 3267 agatur,

287 3313 363 3360 non
396 3289 530 3361 mirum
562 3289 627 3360 erit
661 3287 827 3382 quaedam
862 3286 991 3358 harum
1022 3312 1257 3382 personarum
1290 3289 1365 3359 vita
1400 3304 1517 3382 poetae

285 3410 397 3482 fuisse
423 3409 706 3494 subministrata,
728 3433 779 3480 ex.
801 3434 834 3505 g.
856 3434 940 3480 cum
962 3410 1005 3480 de
1027 3409 1196 3483 Marcello
1217 3412 1293 3504 (ΙΙΙ,
1320 3413 1380 3505 18)
1401 3411 1516 3482 dicat:

444 3606 545 3687 Quid
573 3631 690 3702 genus
717 3623 778 3677 aut
796 3608 920 3688 virtus,
943 3616 971 3676 et
990 3631 1018 3700 q.
1040 3630 1101 3700 seq.
1168 3600 1172 3607 ‘

334 3802 374 3872 ln
389 3800 446 3874 his
460 3801 691 3885 carminibus,
713 3825 795 3897 quae
816 3801 859 3873 de
875 3801 1095 3897 quibusdam
1116 3800 1159 3872 ad
1174 3803 1378 3874 Romanam
1399 3799 1517 3872 histo-

286 3925 374 3995 riam
391 3924 659 4020 pertinentibus
679 3940 840 4009 tractant,
867 3942 1004 3997 certum
1019 3941 1072 3996 est
1091 3924 1329 4019 Propertium,
1348 3924 1515 4019 quamvis

285 4046 328 4118 ad
349 4047 432 4138 talia
451 4062 664 4145 argumenta
681 4048 909 4145 suscipienda
936 4073 955 4118 a
982 4046 1207 4119 Callimacho
1226 4047 1316 4118 duce
1333 4044 1516 4140 impulsus

286 4171 343 4253 sit,
372 4172 559 4243 Romanos
595 4170 717 4241 fontes
751 4170 1009 4265 exploravisse,
1037 4171 1215 4265 praecipue
1246 4170 1445 4240 Varronem
1481 4184 1516 4240 et

285 4294 441 4378 Livium,
468 4293 567 4388 quod
596 4291 777 4364 Tuerlrius
803 4291 1066 4385 demonstravit
1091 4293 1164 4387 (De
1191 4293 1367 4388 Propertii
1396 4292 1519 4363 carmi-

287 4439 390 4500 num,
411 4440 492 4511 quae
512 4414 694 4511 pertinent
714 4413 757 4485 ad
779 4415 1033 4510 antiquitatem
1051 4416 1280 4498 Romanam,
1294 4412 1515 4497 auctoribus,
