3398 5468
751 551 947 629 -,,.-

280 724 334 796 De
359 722 521 796 secundo
541 722 633 794 libro
656 721 832 794 locuturis
859 743 970 816 pauca
990 719 1169 816 praefanda
1191 736 1289 792 sunt.
1300 721 1463 794 Constat

232 845 339 919 illum
359 845 493 919 librum
514 871 590 918 non
608 846 837 918 mediocriter
850 844 1084 941 depravatum
1099 845 1142 916 ad
1157 869 1225 916 nos
1241 847 1461 940 pervenisse,

233 971 411 1065 praecipue
439 969 482 1044 ad
515 970 630 1041 finem
668 968 819 1040 secundi
853 967 932 1039 libri
971 967 1269 1052 Lachmanniani,
1299 985 1341 1039 et
1371 969 1463 1040 circa

233 1091 386 1189 elegiam
431 1114 488 1183 23,
520 1115 639 1186 neque
679 1115 757 1163 raro
794 1091 903 1161 etiam
943 1088 1028 1161 alibi
1062 1089 1192 1174 nodos,
1214 1091 1278 1186 qui
1308 1089 1463 1163 alterum

232 1214 480 1288 Alexandrum
521 1216 578 1286 vel
619 1215 743 1309 potius
772 1212 951 1308 OEdipum
992 1230 1229 1307 reposcerent,
1258 1237 1462 1298 occurrere;
1505 1217 1514 1232 ‘

233 1354 274 1409 ut
310 1337 348 1408 in
383 1335 509 1433 elegiis
543 1336 639 1409 haud
676 1338 755 1408 sine
784 1360 889 1408 causa
919 1337 1055 1407 vexatis
1097 1361 1172 1407 non
1201 1359 1345 1431 semper
1371 1338 1466 1409 inter

231 1461 328 1531 viros
360 1460 488 1531 doctos
538 1459 582 1531 de
640 1483 794 1531 numero
836 1460 916 1553 ipso
967 1458 1165 1555 elegiarum
1197 1476 1350 1543 constet,
1401 1462 1464 1555 qui

233 1581 432 1655 nonnullas
466 1569 598 1678 elegias
620 1583 734 1654 modo
751 1582 829 1654 iure
858 1582 970 1654 modo
992 1582 1123 1654 iniuria
1144 1583 1183 1654 in
1212 1582 1302 1655 duas
1316 1582 1373 1655 vel
1393 1599 1465 1655 tres

232 1707 478 1778 resecaverint.
500 1707 673 1778 Praesenti
691 1705 773 1776 loco
799 1730 874 1776 non
891 1705 1037 1801 vulgata
1057 1705 1181 1778 solum
1198 1706 1462 1790 numeratione,

233 1852 344 1924 quam
380 1830 508 1924 utique
547 1828 743 1900 tenendam
786 1851 988 1913 censemus,
1026 1827 1088 1902 sed
1124 1827 1276 1925 vulgato
1313 1853 1465 1924 quoque

234 1951 390 2023 numero
408 1949 618 2048 elegiarum,
637 1974 768 2046 nempe
786 1971 841 2042 34,
864 1966 1020 2023 utemur.
1069 1957 1075 1967 '

280 2087 331 2156 Ex
351 2084 409 2157 his
435 2104 477 2174 34
498 2083 623 2182 elegiis
648 2109 759 2156 nemo
778 2084 967 2158 mirabitur
989 2083 1110 2156 multo
1126 2085 1301 2156 maiorem
1324 2079 1464 2181 partem
1575 2128 1577 2134 ·

231 2205 288 2279 vel
307 2206 350 2279 ad
372 2205 571 2300 Cynthiam
585 2207 697 2279 luisse
714 2208 854 2288 missas,
872 2205 928 2278 vel
949 2206 992 2280 de
1010 2205 1170 2300 Cynthia
1185 2230 1299 2302 agere,
1317 2231 1401 2280 cum
1426 2207 1465 2279 in

234 2331 448 2402 memoriam
473 2331 701 2413 revocaverit,
727 2329 827 2426 quod
850 2331 1025 2426 superiori
1053 2331 1166 2426 capite
1194 2328 1365 2415 diximus,
1387 2353 1465 2400 non

232 2453 304 2527 alio
330 2472 494 2552 tempore
509 2472 655 2551 poetam
677 2458 792 2554 magis
817 2455 987 2550 Cynthiae
1007 2480 1129 2527 amore
1142 2455 1255 2527 fuisse
1273 2456 1465 2527 irretitum.

233 2577 301 2651 Sed
317 2576 414 2650 haud
431 2602 573 2675 semper
592 2578 744 2674 planum
761 2597 824 2665 est,
842 2578 890 2651 ob
909 2579 1106 2675 elegiarum
1134 2603 1287 2675 pravum
1315 2594 1463 2662 statum,

232 2701 399 2776 absolute
442 2701 593 2774 definire
643 2720 735 2798 quot
781 2703 824 2774 ad
864 2702 1075 2795 Cynthiam,
1103 2719 1195 2797 quot
1235 2700 1279 2772 de
1306 2700 1467 2794 Cynthia

231 2824 355 2922 elegiae
400 2827 540 2921 scriptae
581 2826 664 2897 sint.
699 2826 794 2897 Nam
836 2842 969 2897 notum
1001 2842 1055 2897 est
1084 2822 1204 2920 (quod
1239 2823 1467 2921 Herzbergus

234 2948 374 3029 Quaest.
392 2972 425 3044 p.
449 2971 511 3042 115
538 2947 856 3043 animadverterat)
872 2949 1101 3044 Propertium
1116 2949 1154 3018 in
1173 2972 1247 3019 una
1261 2945 1375 3044 elegia
1389 2971 1466 3018 non

233 3095 376 3167 semper
397 3095 511 3142 unam
527 3070 754 3167 eandemque
780 3078 972 3167 personam
992 3069 1141 3167 alloqui.
1156 3072 1217 3142 Ex.
1237 3096 1270 3166 g.
1290 3070 1328 3140 in
1352 3067 1467 3166 elegia

232 3194 273 3278 ll,
304 3197 336 3278 8,
366 3217 448 3289 quae
476 3210 530 3265 est
546 3193 701 3290 epistula
714 3193 757 3266 ad
774 3196 934 3265 amicum
953 3196 1092 3290 scripta,
1114 3193 1237 3266 subito
1257 3209 1364 3289 poeta
1379 3216 1466 3263 cum

234 3315 395 3410 Cynthia
414 3317 578 3413 iurgatur
599 3318 651 3411 (u.
676 3318 750 3411 15),
777 3341 872 3402 mox,
890 3335 1085 3413 postquam
1102 3341 1138 3390 v.
1164 3339 1208 3412 17
1235 3318 1313 3412 ipse
1338 3339 1465 3388 secum

234 3440 381 3512 locutus
395 3456 458 3524 est,
477 3465 510 3511 u.
529 3460 572 3530 25
589 3457 735 3535 repente
758 3439 937 3512 aemulum
964 3465 1074 3512 suum
1088 3440 1187 3538 petit.
1207 3439 1315 3511 Haud
1331 3441 1466 3536 ignoro

236 3562 335 3634 illam
350 3564 686 3658 interpretationem
701 3562 839 3659 elegiae,
857 3587 966 3658 quarn
993 3561 1092 3635 dedit
1115 3562 1354 3659 Herzbergus,
1388 3586 1466 3633 non

235 3685 279 3758 ab
292 3685 469 3758 omnibus
485 3687 606 3782 accipi,
628 3703 663 3757 et
679 3684 842 3782 elegiam,
864 3686 908 3758 de
923 3710 995 3782 qua
1009 3688 1137 3783 agitur.
1156 3686 1204 3758 ob
1220 3709 1299 3757 eam
1320 3709 1467 3757 causam

235 3807 291 3880 vel
308 3807 450 3880 induas
470 3808 583 3881 fuisse
599 3807 764 3894 divisam,
796 3807 853 3880 vel
878 3811 1084 3881 numerosis
1100 3809 1257 3881 astericis
1282 3806 1378 3904 apud
1407 3805 1469 3879 ali-

237 3956 331 4027 quos
352 3930 508 4003 editores
529 3930 742 4003 lacunarum
776 3932 880 4028 signa
894 3932 1070 4029 praebere.
1099 3932 1168 4004 Sed
1186 3956 1270 4003 cum
1291 3931 1467 4003 traditum

236 4053 434 4151 elegiarum
457 4079 654 4127 numerum
670 4054 740 4126 hoc
763 4054 845 4128 loco
860 4080 997 4128 servare
1014 4055 1105 4127 mihi
1120 4079 1336 4152 proponam,
1352 4055 1469 4153 consi·

236 4178 337 4250 detes
378 4177 489 4250 velim
519 4203 587 4249 nos
623 4203 716 4275 aegre
747 4194 876 4250 terram
904 4181 1022 4250 rimari
1055 4177 1233 4262 debuisse,
1272 4195 1306 4250 et
1334 4177 1468 4272 saepius

239 4301 385 4374 haesisse
405 4302 442 4371 in
459 4301 681 4374 carminibus
698 4304 763 4373 uni
775 4302 830 4374 vel
845 4302 1058 4398 alterigregi
1073 4299 1366 4375 adnumerandis.

286 4432 343 4504 nd
360 4434 557 4527 Cynthiam
579 4436 699 4506 missae
722 4451 809 4505 sunt
826 4435 948 4530 elegiae
968 4457 997 4528 5,
1017 4439 1047 4517 6,
1068 4457 1098 4526 7,
1122 4457 1225 4524 9,11,
1251 4454 1304 4527 15,
1332 4436 1384 4517 16,
1411 4437 1465 4518 18,

1074 4531 1081 4548 Ι
