3398 5468
386 873 561 946 Barbarus
581 872 739 944 excussis
761 871 870 966 agitat
891 870 1041 966 vestigia
1061 868 1214 954 lumbis,

184 1115 394 1188 quanquam
420 1089 518 1161 Italis
540 1077 726 1160 codicibus
750 1087 841 1172 data,
868 1085 958 1158 mihi
984 1086 1147 1183 genuina
1170 1110 1247 1158 esse
1272 1085 1414 1157 videtur

183 1215 288 1307 (narn
314 1237 384 1283 vor
408 1212 554 1295 exclusis,
579 1235 688 1306 quam
714 1210 750 1282 O
776 1207 919 1304 praebet,
945 1208 1141 1293 reicienda3
1166 1233 1284 1304 neque
1306 1208 1412 1282 video

185 1335 283 1406 unde
305 1358 376 1405 vox
399 1334 528 1417 lumbis,
554 1335 591 1405 in
615 1357 685 1428 qua
711 1333 746 1405 O
768 1333 961 1415 consentit,
985 1347 1019 1403 et
1042 1356 1150 1427 quam
1178 1330 1350 1403 nonnulli
1374 1333 1411 1403 in

183 1456 278 1527 trabis
294 1472 449 1542 mutant,
471 1458 508 1528 in
530 1455 764 1551 archetypum
790 1455 1017 1551 irrepsisset).
1034 1453 1102 1526 Sed
1122 1478 1162 1525 ea
1182 1454 1292 1525 iratus
1312 1453 1411 1536 dixit,

185 1577 303 1673 n'eque
335 1579 405 1650 iam
440 1580 495 1651 sui
528 1602 691 1674 compos.
725 1579 816 1649 Vere
849 1578 960 1673 igitur
995 1575 1064 1647 dici
1093 1592 1213 1671 potest
1245 1592 1411 1648 nostrum

184 1715 347 1793 poetam,
377 1701 544 1796 quamvis
573 1699 672 1794 plus,
700 1723 810 1795 quam
841 1701 962 1782 ceteri,
992 1699 1028 1769 in
1056 1698 1186 1770 lectore
1218 1698 1413 1769 amatorios

184 1846 313 1893 sensus
334 1824 472 1907 excitet,
491 1847 565 1894 non
588 1824 703 1918 magis
720 1846 829 1918 quam
843 1821 1035 1894 Tibullum
1051 1820 1202 1916 pudoris
1220 1820 1317 1917 leges
1340 1821 1427 1904 vio-⁴

186 1943 322 2016 lavisse.
342 1945 410 2016 Res
427 1946 574 2016 forsitan
599 1947 699 2028 mira,
715 1968 796 2016 vera
815 1961 949 2030 tamen,
971 1945 1001 2016 si
1023 1942 1202 2039 quosdam
1224 1941 1357 2015 Catulli
1379 1959 1412 2014 et
1442 1971 1445 1978 ·

185 2066 311 2138 Ovidii
331 2067 432 2140 locos
453 2069 489 2139 in
514 2069 728 2143 memoriam
755 2092 909 2140 revoces.

233 2188 357 2261 Eidem
380 2192 515 2262 amoris
530 2189 772 2264 vehementiae
798 2191 1023 2264 referendum
1045 2214 1194 2285 quoque
1225 2205 1411 2261 extentum

185 2313 342 2407 spatium
377 2312 475 2407 quod
510 2315 832 2386 amatoriisensus
866 2315 904 2385 in
944 2314 1059 2387 nostri
1088 2337 1194 2408 opere
1222 2328 1410 2408 occupant.
1443 2378 1445 2382 .

187 2434 355 2507 Catullus
376 2452 468 2507 certe
502 2439 630 2508 misere
664 2453 782 2521 amat;
804 2453 925 2507 tamen
962 2435 1111 2507 Amoris
1142 2436 1282 2531 sagittis
1302 2452 1413 2506 trans·

184 2557 278 2630 fixus
305 2561 380 2654 ipse
395 2543 590 2631 venenatas
622 2562 773 2656 sagittas
795 2584 870 2631 non
901 2561 938 2631 in
973 2557 1099 2630 rivales
1130 2557 1253 2644 modo,
1285 2557 1410 2630 sedin

185 2680 343 2752 cinaedos
383 2674 649 2778 quoscumque,
682 2682 738 2754 vel
774 2661 954 2766 inimicos,
985 2680 1040 2752 vel
1074 2681 1191 2753 malos
1222 2682 1412 2775 scriptores

183 2803 299 2886 coicit,
321 2827 439 2899 neque
460 2802 593 2875 desunt
614 2806 676 2898 qui
698 2806 734 2875 in
757 2803 800 2876 eo
821 2806 1005 2876 satiricum
1028 2827 1177 2875 sensum
1203 2827 1319 2898 sensu
1347 2802 1413 2875 ele-

181 2925 283 3018 giaco
297 2942 462 3021 praestare
485 2926 676 2998 affirment.
695 2926 868 2998 Tibullus
894 2950 1041 3023 quoque
1070 2950 1151 2998 vere
1176 2950 1260 2997 suas
1280 2927 1412 2997 amicas

181 3049 357 3120 amavisse
384 3049 549 3133 videtur3
579 3048 640 3121 sed
670 3074 759 3128 rura,
781 3066 815 3121 et
847 3049 954 3121 silvas
985 3047 1155 3133 salubres,
1185 3065 1219 3120 et
1248 3049 1409 3144 priorum

181 3187 389 3265 temporum
429 3195 564 3266 pacem,
586 3174 724 3244 etvitae
746 3173 920 3262 modestae
945 3196 1090 3243 auream
1125 3171 1408 3242 mediocritatem

183 3316 256 3363 non
284 3294 410 3363 minus
427 3292 589 3365 celebrat.
621 3295 780 3367 Ovidius
796 3312 888 3367 certe
906 3296 944 3366 in
964 3294 1071 3366 rebus
1099 3295 1205 3364 unice
1225 3295 1411 3365 amatoriis

181 3414 396 3510 plerumque
411 3431 581 3500 versatur,
597 3416 657 3520 sed
679 3433 752 3488 tam
782 3417 898 3488 multa
924 3416 1019 3511 apud
1041 3411 1124 3488 eum
1145 3417 1297 3511 reperias
1318 3440 1411 3487 ama-

182 3537 273 3607 toria
288 3552 472 3632 praecepta,
491 3554 564 3608 tarn
579 3562 713 3633 pancos
727 3563 857 3610 sensus
874 3565 891 3610 e
908 3539 1013 3610 corde
1030 3563 1110 3610 vere
1127 3538 1278 3610 lacerato
1295 3560 1411 3610 erum·

183 3675 318 3756 pentes
348 3675 387 3729 ut
416 3661 605 3732 amatoriae
631 3661 790 3732 scientiae
812 3662 926 3757 magis
946 3685 1055 3756 quam
1080 3661 1148 3755 ipsi
1169 3660 1281 3731 amori
1303 3662 1410 3731 inser·
1484 3675 1486 3678 ’

180 3783 288 3853 viisse
300 3781 471 3853 videatur.
487 3782 696 3878 Propertius
708 3800 832 3855 contra
844 3785 881 3855 in
893 3785 968 3855 suis
980 3784 1163 3855 amatoriis
1176 3781 1407 3866 carminibus

181 3929 262 4000 quae
283 3904 392 4001 longe
412 3907 529 3978 maius
550 3908 707 4001 spatium
729 3924 866 3990 tenent,
888 3908 952 3979 uni
974 3906 1144 4001 Cynthiae
1165 3931 1240 3978 suae
1265 3906 1409 3978 deditus

181 4044 244 4111 est,
269 4053 343 4098 non
362 4026 471 4099 uthic
492 4045 526 4099 et
542 4027 615 4099 illic
635 4031 672 4099 in
689 4029 816 4100 rivales
831 4054 905 4100 non
921 4028 1122 4112 invehatur,
1158 4029 1213 4101 vel
1240 4007 1408 4126 agrorum
1477 4093 1479 4097 ,

182 4174 304 4245 pacem
329 4149 491 4233 celebret,
514 4150 569 4222 vel
587 4176 623 4222 se
634 4151 783 4223 Amoris
805 4153 1019 4248 magistrum
1041 4152 1262 4247 profiteatur,
1284 4152 1345 4224 sed
1363 4153 1411 4222 ita

182 4288 221 4343 ut
235 4273 342 4342 etiam
365 4296 448 4342 cum
473 4271 515 4342 ad
536 4271 621 4344 alias
653 4275 851 4345 sententias
874 4273 1019 4354 aberret,
1047 4273 1145 4345 illius
1174 4274 1410 4369 digressionis

182 4419 287 4465 causa
301 4392 459 4487 Cynthia
476 4395 531 4478 sit,
554 4419 632 4467 eam
654 4396 691 4466 in
709 4397 920 4467 universum
943 4396 1122 4469 disserens
1138 4421 1279 4493 semper
1305 4398 1409 4491 respi-

183 4516 260 4600 ciat,
278 4515 413 4587 adeam
432 4540 573 4612 semper
591 4536 754 4589 recurrat.
