3398 5468
719 607 912 678 -,,..

200 777 285 872 [191
312 776 508 847 commissa
534 803 560 862 ς,
589 774 787 846 commixta
812 773 869 858 O;
899 794 964 846 20:
988 749 1095 869 pallia
1120 775 1196 871 NF,
1215 775 1263 869 V,2
1285 791 1429 871 pectora

202 898 275 994 O].
298 898 393 979 Quae
416 898 542 970 omnia
575 898 604 968 si
630 896 707 969 sola
730 899 958 993 reputaveris,
987 921 1063 968 non
1091 898 1168 968 fieri
1192 914 1311 994 potest
1336 899 1426 994 quin

144 1023 146 1027 ’
201 1023 240 1094 in
265 1022 483 1094 sententiam
508 1018 700 1116 Herzbergi
720 1036 755 1092 et
776 1036 993 1103 ceterorum,
1014 1020 1076 1114 qui
1098 1019 1297 1113 Cynthiam
1320 1045 1431 1092 mere-

200 1146 325 1217 tricem
346 1145 458 1216 fuisse
478 1144 702 1228 existimant,
724 1142 877 1239 pedibus
898 1143 1106 1215 descendas,

250 1266 320 1338 Sed
348 1265 415 1338 alia
449 1265 731 1338 consideremus.
750 1267 862 1338 Poeta
885 1265 1142 1362 prostibulum,
1161 1266 1260 1362 quod
1287 1266 1429 1338 Sacram

146 1446 148 1453 s
200 1389 306 1461 Viam
339 1388 536 1460 immundo
564 1412 670 1461 socco
699 1389 861 1473 conterit,
890 1389 1014 1461 amicae
1046 1388 1197 1461 avidiori
1224 1413 1427 1486 opponenS,

201 1511 277 1584 haec
310 1511 442 1595 scribit,
477 1512 516 1596 ΙΙ,
552 1533 609 1602 23,
639 1533 769 1603 19-20:

310 1702 385 1773 Nec
401 1699 495 1771 dicet
512 1725 518 1771 :
549 1727 567 1768 <r
584 1700 709 1784 time0,
727 1722 877 1796 propera
901 1699 973 1770 iam
990 1723 1144 1796 surgere,
1161 1723 1286 1794 quaeso
1304 1726 1311 1770 :

394 1860 396 1884 ε
455 1821 594 1907 Infelix,
617 1820 726 1893 hodie
748 1822 802 1894 uir
820 1821 912 1893 mihi
929 1846 1008 1894 rure
1019 1823 1123 1894 uenit
1139 1849 1169 1908 n,

201 2036 264 2111 ubi
279 2037 438 2109 Marxius
454 2038 609 2109 aestimat
637 2034 834 2130 Cynthiam
852 2054 887 2109 et
907 2038 985 2109 eius
1006 2037 1202 2135 conjugem
1222 2036 1428 2133 significari.

200 2161 328 2255 Neque
359 2183 453 2255 nego
484 2157 706 2230 vocabulum
734 2159 834 2254 quod
862 2177 915 2232 est
954 2161 1008 2232 vir
1046 2159 1117 2232 hoc
1146 2158 1228 2231 loco
1257 2161 1429 2231 maritum

201 2281 403 2380 designare,
428 2281 625 2377 praesertim
654 2281 683 2351 si
700 2280 876 2355 ⁴Flaccum
899 2283 1032 2377 (Serm.
1055 2284 1080 2368 Ι,
1105 2306 1141 2368 2,
1167 2304 1245 2376 127,
1271 2284 1326 2354 vir
1351 2308 1430 2356 rure

202 2406 373 2500 recurrat)
388 2404 569 2490 conferas3
591 2428 800 2500 quanquam
817 2423 954 2478 certum
972 2423 1035 2492 est,
1072 2406 1140 2479 hoc
1155 2405 1336 2478 vocabulo
1349 2430 1431 2478 nos·

201 2543 298 2601 trum
320 2528 428 2605 etiam
453 2544 630 2599 amatores
654 2526 840 2626 designare
868 2529 939 2622 (ex.
964 2554 996 2625 g.
1024 2529 1086 2615 ΙΙΙ,
1106 2552 1137 2620 3,
1160 2530 1235 2637 20).
1256 2529 1314 2614 At,
1337 2517 1430 2600 dicet

200 2649 350 2745 aliquis,
383 2651 592 2746 Propertius
629 2651 665 2722 in
707 2651 919 2723 universum
953 2649 1097 2723 locutus
1124 2666 1187 2723 est.
1212 2651 1307 2722 Huic
1345 2674 1429 2722 cum

200 2773 338 2847 Mando
378 2771 632 2868 respondebo:
667 2772 835 2857 Ovidius,
868 2773 940 2845 fere
985 2775 1098 2845 nostri
1136 2771 1296 2868 aequalis,
1334 2789 1430 2868 post·

202 2919 312 2990 quam
344 2894 388 2967 de
415 2894 577 2979 Tibullo,
592 2894 737 2967 locutus
757 2911 811 2967 est
833 2894 987 2970 docente
1007 2919 1079 2991 qua
1098 2911 1170 2968 arte
1192 2910 1315 2991 nuptae
1333 2897 1429 2967 viros

200 3015 321 3096 fallere
352 3018 504 3113 possint,
538 3017 646 3090 adicit
670 3017 795 3112 (Trist,
821 3018 862 3103 ΙΙ,
893 3019 1012 3113 465):

379 3240 547 3312 Invenies
574 3239 698 3312 eadem
726 3238 849 3311 blandi
877 3256 1051 3336 praecepta
1078 3240 1256 3336 Properti,

203 3458 300 3532 unde
326 3461 403 3532 iure
430 3458 549 3531 ehcias
568 3460 797 3554 Propertium
825 3483 918 3554 saepe
944 3460 1019 3530 suis
1040 3458 1261 3531 carminibus
1288 3458 1331 3530 de
1351 3459 1429 3531 viro
1507 3543 1509 3546 ,

203 3582 353 3679 decepto
370 3581 534 3676 dixisse(
556 3581 589 3653 f.
604 3582 661 3666 ΙΙΙ,
679 3605 708 3672 3,
725 3582 802 3674 50),
819 3597 853 3652 et
869 3579 1067 3674 Cynthium
1088 3582 1289 3653 maritatam
1304 3580 1428 3653 fuisse.

202 3706 296 3777 Puto
334 3685 473 3775 tamen
495 3704 722 3798 Propertium
750 3727 825 3773 non
862 3704 985 3774 minus
1017 3726 1110 3798 saepe
1131 3699 1227 3775 'alios
1251 3719 1430 3774 amatores

203 3824 394 3922 decepisse.
433 3823 686 3896 Nihilominus
725 3823 782 3895 his
822 3822 985 3895 versibus
1031 3822 1226 3895 verisimile
1259 3824 1301 3894 fit
1338 3823 1431 3916 Cyn·

203 3947 318 4019 thiam
349 3946 518 4018 habuisse
543 3948 750 4042 coniugem.

222 4071 324 4140 'Iam
360 4067 402 4140 ad
430 4069 498 4139 alia
525 4068 806 4165 progrediamur.
843 4068 951 4139 Poeta
979 4068 1049 4161 (ΙΙ,
1089 4069 1133 4161 7)
1179 4066 1343 4163 loquitur
1386 4067 1429 4140 de

205 4193 281 4289 lege
316 4191 471 4287 quadam
511 4190 681 4275 sublata·
714 4215 784 4286 qua
831 4189 945 4260 edicta
1000 4188 1187 4284 quondam
1235 4190 1296 4260 diu
1345 4214 1429 4261 cum

204 4314 364 4408 Cynthia
402 4313 549 4393 fleverit,
600 4339 643 4384 ne
685 4338 747 4385 eos
785 4310 1099 4390 divideretdllud
1142 4337 1160 4383 e
1197 4329 1273 4383 tota
1319 4311 1431 4408 elegia

204 4438 436 4510 inter··ri1·os
479 4439 731 4532 Propertianos
785 4452 936 4519 constat,
979 4434 1022 4506 de
1071 4436 1259 4531 rogatione
1311 4433 1431 4530 aliqua
