3398 5468
759 577 929 635 ...0-

230 751 273 822 fit
298 751 450 822 mentio.
479 752 574 832 Quae
607 750 747 838 mulier,
773 767 813 822 ut
846 752 922 846 ipsa
949 750 1066 847 Crispi
1098 750 1205 824 verba
1226 775 1456 848 usurpemus
1553 790 1558 799 ·

133 920 135 924 »
231 871 359 945 litteris
378 875 502 970 graecis
521 891 628 969 atque
649 873 771 945 latinis
791 872 905 959 docta,
933 873 1084 970 psallere
1108 890 1143 946 et
1171 875 1296 948 saltare
1321 874 1459 947 solebat
1556 971 1559 976 .

231 994 433 1093 elegantius
463 1021 573 1092 quam
602 996 723 1094 probae
754 1021 899 1070 necesse
928 1014 1011 1070 erat.
1039 998 1235 1094 Ingenium
1257 998 1335 1070 eius
1361 997 1458 1070 haud

230 1117 429 1207 absurdum
442 1119 523 1204 fuit3
539 1135 677 1215 poterat
694 1145 820 1193 versus
834 1120 957 1205 facere,
972 1121 1096 1192 iocum
1114 1145 1271 1205 movere,
1289 1145 1458 1193 sermone

214 1241 284 1312 uti
298 1240 355 1312 vel
373 1240 554 1327 modest0,
572 1242 629 1314 vel
656 1242 772 1328 molli,
794 1242 850 1314 vel
878 1245 1028 1338 procaci.
1050 1245 1123 1315 Has
1140 1268 1270 1316 omnes
1296 1241 1411 1327 dotes,
1429 1244 1459 1315 si

232 1361 336 1435 dotes
352 1381 448 1449 sunt,
465 1363 635 1469 Cynthiae
651 1365 809 1438 adfuisse
826 1366 1032 1461 nuperrime
1045 1365 1216 1438 vidimus.
1230 1367 1282 1437 Ex
1297 1366 1364 1450 his,
1377 1389 1460 1460 quae

232 1486 325 1558 infra
339 1486 514 1572 dicentur,
536 1486 702 1573 elucebit,
725 1488 794 1560 alia
813 1513 961 1584 quoque
984 1513 1068 1560 curn
1085 1489 1299 1585 Sempronia
1318 1490 1459 1583 (totum

233 1607 394 1681 Sallustii
414 1627 520 1706 caput
535 1609 732 1707 legendum
749 1612 822 1706 est)
835 1611 1033 1705 Cynthiam
1050 1613 1262 1684 communia
1277 1610 1458 1683 habuisse.

222 1720 225 1726 ⁵
283 1730 396 1812 Quod
424 1735 466 1804 ad
497 1735 578 1811 eius¹
599 1749 752 1826 aetatem
776 1737 917 1821 attinet,
937 1735 1125 1831 Propertio
1154 1733 1264 1830 paulo
1285 1734 1461 1806 maturior

233 1854 339 1925 annis
359 1853 440 1925 fuit.-
460 1855 606 1927 Etenim
624 1855 665 1941 ΙΙ,
687 1859 740 1940 18,
761 1879 867 1950 19·2o
887 1855 1068 1953 legimus:

332 2074 381 2146 At
408 2090 447 2147 tu
476 2077 585 2149 etiam
614 2077 785 2148 iuvenem
812 2076 922 2149 odisti
952 2102 1022 2162 me,
1042 2077 1185 2173 perfida,
1208 2101 1292 2150 cum
1317 2077 1369 2148 sis

429 2199 509 2294 lpsa
535 2223 628 2271 anus
655 2198 743 2271 haut
770 2198 880 2294 longa
907 2224 1013 2291 curva
1038 2200 1159 2273 futura
1186 2199 1258 2286 die,

236 2433 270 2488 et
290 2418 332 2502 ll,
352 2418 431 2502 18b,
447 2441 580 2511 33-54:

384 2636 480 2709 Cum
507 2637 572 2709 tibi
601 2663 667 2710 nec
692 2639 797 2713 frater
825 2664 889 2713 nec
916 2641 961 2711 sit
988 2639 1053 2711 tibi
1079 2639 1178 2710 filius
1205 2638 1314 2724 ullus,

481 2762 600 2832 Frater
622 2785 689 2857 ego
717 2778 752 2833 et
778 2761 843 2833 tibi
871 2762 940 2834 sim
967 2761 1066 2834 filius
1094 2785 1191 2833 unus
1218 2785 1296 2858 ego

286 2982 573 3079 Cf.·qu0quelll,
596 3002 652 3075 25,
674 2982 717 3055 ad
732 2984 857 3055 finem.
875 2983 972 3054 Ante
999 2984 1227 3079 Propertium
1243 2999 1295 3055 est
1318 2999 1462 3054 mortua

240 3106 325 3199 (IV,
344 3107 394 3199 7).'
419 3106 574 3177 Versum
604 3106 644 3188 ll,
684 3128 738 3192 32,
768 3108 787 3178 6
816 3105 1061 3202 neglegimus
1100 3130 1183 3178 cum
1210 3105 1317 3177 lectio
1350 3127 1462 3190 anum,

239 3229 406 3323 quamvis
430 3227 473 3299 ab
502 3228 536 3298 O
562 3229 614 3323 (⁴)
639 3227 729 3312 data,
752 3227 796 3299 ab
817 3226 1072 3323 interpretibus
1095 3228 1170 3299 iure
1195 3244 1319 3301 vexata
1341 3228 1396 3299 sit.
1413 3229 1465 3298 Ex

239 3348 297 3420 his
310 3348 399 3421 locis
418 3348 577 3422 collectis
597 3366 741 3446 apparet
763 3349 919 3420 mediam
939 3350 1033 3421 inter
1052 3350 1168 3421 fratris
1183 3350 1285 3444 (quae
1301 3373 1466 3421 commu-

165 3551 169 3560 ,
240 3473 334 3543 niter
344 3488 398 3544 est
413 3474 521 3544 etiam
537 3474 728 3567 amatoris)
745 3489 780 3544 et
795 3471 862 3543 filii
877 3473 1106 3568 Propertium
1124 3472 1294 3545 habuisse
1309 3489 1463 3545 aetatem.

241 3593 440 3688 Cynthium
462 3595 572 3690 igitur
598 3595 761 3689 quinque
796 3594 933 3665 circiter
962 3594 1078 3678 annis
1108 3594 1137 3664 si
1181 3592 1304 3689 placet,
1339 3609 1465 3664 nostro

242 3732 348 3813 poeta
362 3732 464 3789 aetate
478 3718 741 3813 provectiorem
763 3716 875 3788 luisse
891 3715 1162 3799 declarabimus
1178 3740 1389 3812 quanquam
1407 3740 1466 3787 me

242 3864 317 3911 non
335 3839 437 3925 fallit,
455 3840 483 3912 si
500 3841 573 3912 sint
589 3841 662 3935 qui,
679 3838 852 3934 vocefilio
864 3838 954 3923 freti,
971 3840 1089 3910 maius
1104 3838 1336 3911 intervallum
1352 3818 1467 3912 fuisse

242 3979 383 4060 putent,
405 3988 463 4035 me
497 3962 590 4035 nihil
619 3965 663 4035 iis
684 3963 784 4059 quod
812 3962 1050 4058 respondeam
1079 3961 1218 4035 habere.
1239 3965 1359 4035 Nemo
1376 3980 1467 4035 certe

279 4298 323 4365 (1)
341 4296 494 4367 O,signum
509 4296 738 4365 Baelrrensianum‚
753 4297 789 4348 sic
802 4297 956 4367 accipimus,
968 4312 997 4352 ut
1010 4298 1094 4351 bonos
1107 4297 1197 4360 libros,
1213 4296 1239 4349 id
1250 4310 1289 4350 est
1298 4296 1418 4350 NAFD
1433 4297 1468 4364 V,

244 4399 421 4458 congruentes
449 4386 578 4456 designet,
609 4385 744 4457 archetypi
768 4397 886 4438 ceterum
915 4386 1093 4439 Baehrensiani
1118 4385 1237 4439 doctrina
1258 4386 1365 4439 omissa.
1388 4385 1469 4441 Italos

244 4491 329 4546 graeca
342 4474 427 4528 littera
443 4491 456 4533 ς
472 4474 678 4546 designabimus,
700 4475 767 4527 duce
779 4474 875 4528 eodem
895 4475 1058 4530 Baehrensio
